3500 5075
387 330 428 389 30
870 335 895 385 θ
912 330 1167 388 xmopmsss
1222 319 1225 324 ⁴

489 503 531 556 29.
549 500 647 555 Pm‘to
659 500 778 571 Sophist.
790 519 817 572 p.
830 504 881 555 242
888 500 918 556 C.
927 500 955 554 D
973 500 1085 571 {hospes
1095 502 1233 559 Eleaticus
1244 503 1376 573 loquitur]
1392 500 1490 572 μῦθόν
1500 523 1565 561 τινα
1577 500 1641 563 ἕκα-

386 609 456 656 στος
467 589 604 659 φαίνεταί
614 604 664 655 μοι
677 590 835 658 διηγεῖσθαι
852 589 952 643 παισίν
968 580 1009 653 ὥς
1020 577 1103 645 οόσιν
1112 582 1188 659 ἡμῖν,
1208 581 1225 645 5
1241 588 1295 657 μὲν
1306 581 1346 655 τίς
1357 590 1425 661 τρία
1442 584 1479 646 τὰ
1492 583 1575 657 όντα,
1591 609 1642 648 πο-

385 678 468 744 λεμεῖ
483 673 513 731 δέ
529 666 662 745 άλλὴλοις
679 668 774 729 ένίοτε
791 664 889 730 αὐτῶν
905 668 980 730 άττα
997 691 1056 744 πηι,
1073 672 1142 730 τοτὲ
1158 672 1189 730 δέ
1204 675 1255 729 καί
1271 674 1342 745 φίλα
1359 670 1516 746 γιγνόμενα
1533 672 1643 748 γάμους

386 778 419 817 τε
435 761 485 816 καί
502 754 607 823 τόκους
623 760 673 814 καί
684 755 798 831 τροφάς
815 760 875 815 ταῖν
886 754 1018 831 ἐκγόνων
1028 757 1186 831 παρέχεται
1203 757 1408 830 [Ρλιετοσγᾱοεγ
1426 750 1477 816 δόο
1495 759 1526 818 δὲ
1542 757 1642 832 έτερος

386 842 484 911 εἰπάν,
501 838 594 917 ίγρδν
609 845 659 899 καί
676 836 764 915 ξηρὸν
781 837 924 915 ἢθερμόν
939 846 989 899 καί
1000 838 1123 916 ψυχρόν,
1140 844 1295 913 συνοικίζει
1311 862 1346 900 τε
1356 834 1430 901 αότά
1447 848 1498 901 καί
1508 841 1638 904 ἐκδίδωσι

387 929 430 995 [ολ.
447 928 619 994 Amholausl·
642 922 677 985 τό
702 928 732 986 δὲ
755 920 828 997 παρ’
851 921 934 1000 ἡμῶν
952 920 1119 986 Ἐλεατικὸν
1140 923 1235 995 ἔθνος.
1257 921 1319 986 άπό
1338 924 1527 1000 Ξενοφάνους
1543 949 1576 988 τε
1592 935 1641 989 καί

386 1010 428 1072 ἔτι
452 1010 585 1086 πρόσθεν
608 1006 772 1087 α’ρξάμενον
789 1012 1150 1083 15.Philob.p.1oc.1)]‚
1175 1007 1215 1080 ὥς
1236 1009 1304 1079 ένός
1326 1006 1415 1079 όντος
1436 1016 1497 1071 τῶν
1523 1009 1641 1073 πάντων

384 1088 623 1203 κολουμέινιυν(Ι
588 1119 665 1157 ουτιυ
685 1099 855 1173 διεξέρχεται
874 1107 936 1166 τοῖς
951 1090 1065 1168 μόθοις.
1093 1098 1127 1154 τί.
1144 1098 1253 1168 Philop.
1271 1097 1306 1153 τό
1323 1096 1408 1170 Phys⁴
1419 1098 1446 1152 A
1463 1104 1479 1153 δ
1496 1115 1524 1169 p.
1537 1104 1596 1168 125,
1608 1105 1640 1155 21

385 1178 515 1239 θίτοΗ.ι
501 1204 518 1241 ο
536 1180 707 1259 Πορφόριός
728 1204 797 1257 φησι
814 1184 869 1242 τόν
887 1180 1040 1257 Ξενοφάνη
1065 1183 1101 1241 τό
1119 1178 1208 1258 ξηρὸν
1223 1186 1273 1240 καί
1292 1177 1326 1240 τὸ
1344 1178 1436 1255 υγρόν
1453 1179 1609 1251 δοξάσαι’
1589 1205 1640 1259 αρ-

384 1265 448 1339 χάς,
464 1268 516 1343 την
527 1274 582 1341 γῆν
598 1268 673 1343 λέγει
690 1273 739 1327 καί
757 1264 793 1327 τὸ
810 1258 896 1340 όδαρ,
913 1272 963 1327 καί
972 1273 1075 1342 χρῆσιν
1087 1262 1176 1327 ου’του
1162 1270 1382 1341 παρατίθεται
1399 1271 1487 1326 τοῦτο
1499 1273 1641 1341 δηλοῦσαν

381 1348 483 1425 “γῆ-
488 1348 677 1457 γίνονται’
696 1355 738 1422 [fr.
751 1358 810 1421 19]·
809 1350 931 1455 ταύτης
947 1354 1030 1412 δέ’
994 1374 1045 1425 της
1062 1349 1145 1426 δόξης
1161 1358 1243 1411 δοκεῖ
1256 1357 1307 1411 καί
1315 1343 1439 1425 Ὅμηρος
1455 1348 1530 1411 εἶναι
1546 1350 1580 1411 έν
1597 1349 1641 1422 οίς

386 1456 472 1509 φησιν
488 1431 576 1495 ‘du’
598 1434 678 1509 ὑμεῖς
698 1440 752 1509 μὲν
776 1435 883 1505 πάντες
903 1428 981 1511 όδοιρ
1002 1441 1051 1496 καί
1072 1447 1142 1511 γαῖα
1165 1431 1312 1510 γένοισθε’
1336 1438 1438 1504 [11991.
1471 1438 1642 1511 Ροιρλιγτίαε

385 1522 471 1579 utitur
479 1524 679 1596 Allegofiarum
691 1539 805 1594 οοῳοτο
816 1523 851 1580 οδ.
863 1522 947 1579 Proh.
956 1524 1039 1594 Verg.
1050 1539 1080 1594 p.
1092 1529 1134 1591 21,
1146 1529 1171 1579 3.
1189 1524 1282 1596 [Plutl
1293 1524 1349 1580 Vit.
1361 1523 1444 1579 Ηοιιτ
1456 1527 1489 1579 93
1502 1523 1586 1589 [Dux.
1598 1528 1640 1590 θλ]

487 1673 529 1724 30.
547 1670 678 1724 Amnum.
696 1667 814 1737 Metaph.
832 1668 863 1723 A
875 1674 900 1723 5.
918 1668 1028 1724 9851ss
1052 1671 1231 1744 Παρμενίδης
1253 1668 1308 1739 μδν
1323 1662 1381 1741 γὰρ
1398 1662 1476 1726 ἔοικε
1493 1671 1548 1725 τοῦ
1563 1668 1638 1727 κατά

385 1751 439 1814 τόν
456 1752 548 1827 λόγον
565 1749 631 1821 ἑνὸς
641 1745 795 1819 άπτεσθαι,
813 1752 960 1819 Μέλισσος
977 1754 1008 1812 δὲ
1024 1758 1078 1813 τοῦ
1093 1750 1169 1814 κατά
1186 1750 1239 1827 τὴν
1254 1744 1335 1827 όλην·
1354 1752 1397 1811 διό
1416 1755 1466 1810 καί
1483 1746 1501 1810 5
1518 1754 1573 1823 μέν
1590 1774 1639 1813 πε·

385 1841 578 1913 περασμένον,
601 1834 617 1897 5
637 1832 665 1897 δ’
689 1834 813 1911 άπειρόν
836 1857 923 1939 φησιν
946 1834 1020 1897 είναι
1041 1832 1127 1899 αότό·
1153 1834 1322 1912 Ξενοφάνης
1343 1836 1374 1896 δὲ
1391 1840 1509 1911 πρῶτος
1527 1834 1641 1898 τοότοιν

386 1925 483 1993 ένίοας
499 1920 528 1994 (5
545 1925 604 1998 γάρ
621 1926 801 1997 Παρμενίδης
818 1920 924 1983 τοότου
940 1925 1053 1997 λέγεται
1069 1926 1206 1998 γενέσθαι
1222 1918 1362 2025 μαθητής)
1379 1916 1463 1981 οόδέν
1479 1915 1640 1996 διεσαφιίνι

385 2031 436 2070 οεν
459 2005 525 2069 οὐδὲ
545 2013 596 2082 τῆς
621 2001 735 2083 φάσεως
759 2006 871 2068 τοότοιν
893 2004 1046 2085 οὐδετέρας
1068 2005 1146 2068 ἔοικε
1162 2015 1265 2082 θιγεῖν,
1286 1998 1355 2067 άλλ’
1373 2002 1461 2075 είς
1430 2027 1485 2065 τον
1502 1998 1575 2068 όλον
1591 2002 1640 2068 οό·

386 2092 479 2166 ρανόν
490 2089 710 2169 άποβλέψας
680 2113 715 2151 το
734 2090 766 2151 έν
777 2090 853 2153 είναί
870 2115 938 2167 φησι
950 2092 1004 2153 τόν
1014 2092 1096 2154 θεόν·
1126 2084 1208 2154 ουτοι
1218 2083 1320 2164 μὲν
1284 2112 1345 2160 ουν,
1361 2089 1542 2166 καθάπερ”
1510 2112 1639 2164 ειπομεν,

385 2173 504 2253 άφετέοι
526 2175 602 2252 πρὸς
623 2199 676 2251 την
700 2182 752 2237 νῦν
776 2184 930 2252 παροῦσαν
953 2176 1078 2253 ζήτησιν,
1100 2179 1130 2239 ολ
1145 2180 1200 2251 μὲν
1216 2174 1267 2237 δόο
1290 2180 1340 2236 καί
1356 2172 1481 2247 πάμπαν
1498 2171 1539 2245 οίς
1556 2175 1640 2245 όντες

384 2264 491 2339 μικρόν
508 2256 722 2337 άγροικότεροι,
745 2258 914 2337 Ξενοφάνης
934 2268 984 2322 καί
1007 2266 1155 2332 Μέλισσος
1178 2264 1304 2331 [Οττίυίο
1321 2265 1482 2335 πρῶτος·
1493 2256 1560 2321 ου’δδ
1575 2280 1639 2320 οια-

385 2349 496 2406 collavit
512 2348 547 2405 τί.
559 2348 633 2405 Dox.
646 2353 715 2416 11⁰1.

487 2492 972 2567 31.sm1„.Phys.22‚22-23‚20.
1007 2488 1118 2569 ἀνάγκη
1138 2497 1237 2553 τοίνυν
1253 2487 1305 2566 τὴν
1324 2484 1417 2567 άρχὴν
1434 2486 1453 2564 ἢ
1471 2493 1544 2563 μίαν
1563 2486 1637 2550 εἶναι
1658 2500 1672 2550 1

384 2576 403 2654 ἢ
420 2575 456 2640 ου’
472 2583 552 2651 μίαν,
569 2574 679 2640 ταότόν
695 2581 726 2638 δὲ
743 2579 835 2638 εἰπεῖν
851 2582 978 2649 πλείους,
994 2583 1044 2637 καί
1061 2580 1090 2639 εί
1103 2582 1182 2650 μίαν,
1198 2575 1263 2652 ἢτοι
1275 2571 1414 2652 άκίνητον
1430 2571 1639 2651 ἢκινοομένην.

384 2669 433 2724 καί
450 2665 478 2724 εί
492 2659 640 2739 α’κίνητον,
664 2663 731 2740 ἤτοι
748 2663 873 2738 α’ίπειρον
898 2657 940 2732 ὥς
956 2664 1103 2732 Μέλισσος
1121 2659 1138 2722 5
1158 2661 1271 2734 Σάμιος
1297 2667 1378 2722 δοκεῖ
1393 2662 1495 2735 λέγειν,
1511 2659 1532 2736 ἢ
1548 2682 1639 2722 πενιε·

386 2751 530 2825 ρασμένην
546 2745 587 2817 ὥς
604 2753 783 2825 Παρμενίδης
794 2747 927 2826 Πόρητος
942 2740 1081 2822 Ἐλεάτης,
1099 2743 1134 2808 05
1151 2753 1218 2822 περί
1235 2751 1359 2821 φυσικοῦ
1374 2749 1523 2820 στοιχείου
1540 2747 1639 2820 λέγον·

385 2857 432 2904 τες
450 2826 540 2902 οὗτοι,
558 2829 631 2895 άλλά
651 2840 718 2909 περί
734 2839 788 2894 τοῦ
805 2831 899 2902 όντισς
917 2831 1013 2901 όντος.

485 2923 557 2992 μίαν
579 2921 610 2979 δὲ
634 2921 687 2990 τὴν
703 2915 796 3021 άργίην
818 2916 883 2992 ἤτοι
904 2915 937 2976 ἓν
957 2914 993 2977 τὸ
1019 2915 1054 2978 όν
1079 2921 1130 2977 καλ
1155 2923 1215 2976 πᾶν
1236 2920 1295 2985 (καί
1321 2913 1390 2977 οὔτε
1415 2919 1639 2991 πεπερασμένον
1657 2925 1673 2976 2

385 3002 453 3066 οὔτε
470 3000 647 3080 άπειρον’
611 3024 679 3064 ουτε
695 3000 867 3075 κινοόμενον
885 2999 954 3062 οὔτε
964 2997 1147 3077 η’ρεμοῦν)”
1117 2999 1290 3077 κενοφάνην
1306 3000 1362 3063 τόν
1373 2998 1569 3076 Κολοφόνιον
1585 2999 1641 3062 τὸν

385 3092 569 3165 Παρμενίδου
589 3085 760 3150 διδάσκαλον
780 3083 977 3147 ὑποτίθεσθαί
998 3109 1085 3162 φησιν
1106 3082 1124 3147 5
1144 3083 1342 3188 θεόφραστος,
1362 3087 1517 3162 όμολογιόν
1538 3085 1641 3162 ἑτέρας

385 3171 457 3234 εἶναι
476 3169 623 3246 μᾶλλον“
604 3197 621 3246 η
639 3177 689 3245 τῆς
706 3177 772 3246 περί
789 3169 904 3246 φόσεως
920 3169 1096 3248 λστορίας
1068 3194 1121 3246 την
1137 3192 1249 3276 μνημην
1265 3175 1316 3244 τῆς
1332 3163 1439 3230 τοότου
1455 3170 1546 3245 δόξης.

486 3253 576 3318 τὸ
543 3279 602 3332 γαρ
623 3254 655 3316 ἓν
676 3261 764 3316 τοῦτο
784 3260 834 3316 καί
856 3263 917 3317 πᾶν
938 3254 992 3316 τὸν
1008 3254 1083 3317 θεόν
1099 3252 1235 3358 ἔλεγεν“
1218 3277 1235 3315 ο
1253 3255 1434 3330 Ξενοφάνης
1462 3250 1499 3315 όν
1515 3253 1567 3316 ἕνα
1583 3257 1639 3327 μέν
1657 3267 1673 3316 3

384 3347 525 3404 δείκνυσιν
540 3341 574 3401 έκ
591 3345 645 3401 τοῦ
656 3341 774 3400 πάντων
788 3333 948 3417 κράτιστον
958 3340 1041 3402 εἶναι.
1071 3338 1215 3402 πλειόνων
1224 3339 1293 3416 γάρ,
1308 3344 1404 3415 φησίν,
1422 3338 1518 3401 όντων
1530 3337 1642 3413 όμοίονς

383 3425 523 3503 ὑπάρχειν
533 3421 646 3501 άνάγκη
662 3431 733 3485 πάσι
752 3424 786 3485 τὸ
799 3437 929 3502 κρατεῖν·
948 3423 984 3486 τὸ
1002 3427 1033 3487 δδ
1050 3423 1169 3487 πάντων
1179 3423 1338 3500 κράτιστον
1354 3431 1405 3484 καί
1415 3423 1540 3498 ἄριστον
1555 3423 1639 3495 θεός.

484 3508 627 3588 άγένητον
641 3512 671 3570 δέ
686 3510 828 3571 ἐδείκνυεν
843 3510 879 3570 ἐκ
900 3517 953 3572 τοῦ
970 3517 1031 3572 δεῖν
1047 3510 1084 3572 τό
1104 3510 1260 3584 γινόμενον
1277 3507 1296 3584 ἢ
1311 3509 1344 3580 de
1363 3508 1472 3583 όμοίου
1487 3508 1507 3585 ἢ
1521 3511 1555 3581 ἐξ
1570 3505 1676 3573 dm

381 3603 469 3670 μοίου
484 3601 628 3674 γίνεσθαι.
663 3588 736 3656 άλλά
759 3595 795 3655 τὸ
818 3588 914 3668 μενο
895 3617 1001 3668 ομοιον
1024 3593 1141 3666 α’παθές
1162 3618 1248 3671 φησιν
1270 3593 1328 3656 5115
1346 3602 1400 3657 τοῦ
1418 3591 1538 3667 ὁμοίου·
1556 3591 1642 3657 οόδέν

383 3681 440 3759 γάρ
456 3688 569 3754 μᾶλλον
585 3687 692 3758 γεννᾶν
708 3708 726 3757 η
714 3679 904 3756 ”γεννάοθαι
921 3702 1063 3757 προοηκει
1078 3681 1114 3741 τό
1134 3674 1240 3753 όμοιον
1255 3680 1290 3741 έκ
1306 3686 1359 3741 τοῦ
1378 3677 1496 3753 ὁμοίου·
1520 3683 1548 3743 εί
1562 3684 1594 3743 δέ
1609 3683 1644 3752 ἐξ

382 3763 527 3840 άνομσίου
543 3771 666 3842 γίνοιτο,
684 3763 764 3827 ἔσται
781 3767 816 3826 τό
837 3763 873 3825 όν
889 3764 923 3824 έκ
939 3771 994 3825 τοῦ
1009 3788 1048 3841 μη
1068 3765 1162 3835 ὄντος.
1196 3771 1246 3826 καί
1263 3757 1357 3836 οότονς
1372 3762 1515 3842 άγένητον
1530 3762 1617 3826 καῖ’
1596 3771 1642 3829 αι’-

382 3859 445 3912 διον
461 3854 579 3912 ἐδείκνυ.

488 3934 555 3997 ουτε
574 3935 646 3997 δὲ
625 3958 749 4013 απειρον
766 3934 834 3996 οὔτε
854 3937 1076 4009 πεπερασμένον
1093 3933 1176 4008 είναι,
1192 3933 1307 3996 διότι”
1286 3957 1410 4011 απειρον
1425 3939 1479 4008 μέν
1498 3933 1535 3996 τό
1552 3935 1592 4010 μὴ
1605 3933 1643 3996 όν
1662 3946 1679 3994 5

383 4017 424 4088 ὡς
441 4018 508 4080 οὔτε
519 4016 613 4096 άργήν
623 4017 692 4096 ἔχον
704 4020 771 4083 οὔτε
782 4021 874 4092 μέσον
888 4017 956 4080 οότε
967 4021 1059 4090 τέλος,
1075 4025 1225 4097 περαίνειν
1236 4023 1267 4081 δὲ
1277 4019 1354 4096 πρὸς
1363 4019 1472 4096 άλληλα
1484 4042 1521 4082 τα
1539 4025 1641 4081 πλείου.

485 4111 694 4182 παραπλησίας
715 4108 745 4166 δέ
767 4113 817 4166 καί
838 4106 1024 4181 τὴνκίνησιν
1045 4099 1168 4180 άφαιρεῖ
1186 4111 1237 4166 καί
1259 4102 1313 4181 τὴν
1332 4099 1464 4180 ἠρεμίαν.
1499 4103 1681 4182 άκίνητονδ

382 4185 510 4264 μὲνγὰρ
527 4187 601 4250 είναι
618 4187 654 4251 τὸ
671 4187 711 4266 μὴ
730 4189 777 4251 όν·
796 4189 865 4252 οότε
882 4192 941 4266 γάρ
957 4188 996 4251 όν
1012 4191 1055 4260 είς
1076 4186 1149 4251 αότὸ
1167 4190 1271 4267 ἕτερον
1294 4188 1362 4251 οὔτε
1379 4185 1454 4252 αότό
1472 4213 1549 4266 προς
1566 4191 1643 4253 ἄλλο

382 4274 491 4334 ἐλθεῖν·
514 4283 659 4335 κινεῖσθαι
681 4279 712 4337 δὲ
732 4273 769 4337 τά
794 4279 886 4336 πλείω
902 4281 957 4335 τοῦ
972 4273 1053 4345 ένός·
1076 4274 1180 4352 έτερον
1195 4274 1253 4353 γάρ
1270 4277 1311 4345 είς
1327 4273 1430 4350 ἕτερον
1445 4273 1644 4352 μεταβάλλειν

389 4355 574 4435 [μεταβάλλει
591 4363 685 4419 codd:
703 4379 772 4420 οοττ.
791 4363 921 4429 Usenerl.

485 4439 559 4504 ὥστε
585 4452 635 4506 καί
661 4438 733 4506 όταν
757 4446 790 4506 έν
812 4441 919 4506 ταάτιῦι
941 4447 1038 4518 μένειν
1061 4447 1138 4522 λίγηι
1160 4451 1211 4506 καί
1235 4446 1274 4522 μη
1301 4452 1454 4518 κινεῖσθαι,
1486 4439 1543 4507 άεί
1559 4439 1588 4505 δ’
1605 4475 1644 4489 -
1663 4453 1680 4505 ’ί
