3500 5075
364 365 427 425 174
917 370 941 420 9.
957 365 1071 422 ΤΙΜΟΝ

364 542 503 625 τραγικά
528 536 700 625 ἐξήκοντα)
730 539 866 617 σίλλους
889 562 925 603 τε
946 542 1003 603 καί
1024 537 1205 616 κιναίδους.
1294 543 1436 627 φέρεται
1458 530 1494 602 δ’
1519 540 1632 602 αὐτοῦ
1654 541 1710 598 111

363 643 420 704 καί
439 639 671 727 καταλογάδην
693 640 809 724 βιβλία
834 643 896 718 (είς
919 644 1012 704 ἐπῶν
1027 644 1179 704 τείνοντα
1194 639 1363 727 μυριάδας
1386 638 1470 718 δύο),
1493 640 1542 703 ὧν
1565 643 1627 703 καὶ

359 733 553 826 Ἀντίγονος
576 745 595 805 ό
617 744 812 830 Καρύστιος
833 747 1010 830 μέμνηται,
1040 746 1283 830 ἀναγεγραφὼς
1306 747 1413 807 αὐτοῦ
1436 745 1495 805 καὶ
1519 745 1626 818 αύτδς

364 849 422 909 τόν
437 847 522 927 βίον.
557 853 624 908 τῶν
646 842 683 908 δέ
698 843 853 909 Σίλλων
876 848 967 930 τρία
983 848 1086 922 ἐστίν,
1109 847 1144 908 ἐν
1167 845 1220 920 οίς
1243 847 1290 920 ὡς
1313 846 1353 907 ἀν
1370 846 1552 920 σκεπτικὸς
1577 847 1627 906 ῶν

328 958 342 1008 5
364 951 497 1023 πάντας
514 944 668 1031 λοιδορεῖ
677 948 734 1009 καί
751 946 917 1010 σιλλαίνει
931 950 1010 1023 τούς
1025 943 1248 1029 δογματικούς
1263 949 1299 1009 ἐν
1313 943 1511 1032 παρωιδίας
1525 943 1626 1008 εἴδει.

365 1050 412 1112 ῶν
427 1051 465 1112 τό
487 1052 549 1129 μὲν
565 1057 725 1134 πρῶτον
740 1045 983 1135 αὐτοδιήγητον
1004 1052 1073 1129 ἐχει
1088 1052 1147 1135 την
1167 1053 1355 1134 ἑρμηνείαν,
1378 1052 1417 1111 τό
1434 1046 1472 1111 δέ
1487 1045 1506 1112 δ
1513 1052 1626 1111 εύτε-

365 1173 433 1238 ρον
445 1153 502 1214 καλ
512 1153 647 1235 τρίτον
660 1152 694 1213 ἐν
708 1147 865 1234 διαλόγου
880 1153 1033 1236 σχήματι.
1059 1153 1219 1238 φαίνεται
1229 1159 1307 1234 γοῦν
1319 1153 1507 1236 ἀνακρίνων
1518 1147 1626 1219 Ξενο-

367 1257 456 1340 φάνη
473 1256 531 1316 τόν
547 1251 773 1339 Κολοφώνιον
789 1255 870 1338 περὶ
886 1256 1045 1331 ἑκάστων,
1070 1256 1088 1316 δ
1112 1249 1148 1315 δὲ
1172 1255 1279 1315 αύτῶι
1294 1250 1516 1339 διηγούμενός
1530 1254 1625 1314 ἐστι·

366 1357 423 1418 καί
446 1357 481 1418 ἐν
503 1358 564 1434 μὲν
586 1364 650 1418 τῶι
667 1352 827 1440 δευτέρωι
849 1357 930 1440 περί
952 1363 1020 1418 τῶν
1036 1357 1274 1440 ἀρχαιοτέρων,
1297 1357 1333 1416 ἐν
1355 1352 1392 1417 δέ
1414 1363 1479 1418 τῶι
1501 1356 1629 1439 τρίτωι

316 1468 344 1518 10
365 1459 446 1542 περί
462 1466 529 1520 τῶν
543 1460 708 1545 ύστίρων·
733 1459 817 1520 ὅθεν
834 1453 872 1543 δὴ
891 1459 998 1521 αύτῶι
1012 1479 1101 1533 τινες
1116 1458 1172 1519 καί
1184 1448 1361 1540 Ἐπίλογον
1375 1459 1592 1542 ἐπέγραψαν.

366 1562 405 1622 τό
428 1556 465 1622 δὲ
489 1568 627 1645 πρῶτον
649 1559 754 1622 ταύτά
776 1563 928 1646 περιέχει
942 1561 1136 1645 πράγματα,
1159 1557 1248 1645 πλην
1271 1563 1325 1622 ότι
1346 1562 1632 1644 μονοπρόσωπός
1657 1561 1713 1620 112

366 1665 493 1748 ἐστινη
512 1665 668 1747 ποίησις·
685 1663 767 1748 ἀρχή
785 1658 821 1724 δέ
837 1663 944 1724 αύτῶι
958 1657 1028 1746 ἥδε,
1046 1653 1212 1724 (ἔσπετε
1226 1695 1269 1705 -
1286 1652 1494 1746 σοφισταί
1514 1654 1563 1744 [ir.
1581 1655 1627 1744 1].

367 1762 561 1849 ἐτελεύτησε
584 1760 619 1826 δ’
641 1766 735 1846 ἐγγύς
757 1765 841 1826 ἐτῶν
863 1765 1069 1848 ἐνενήκοντα,
1097 1766 1143 1839 ῶς
1166 1781 1272 1849 φησιν
1301 1764 1320 1825 ό
1338 1756 1532 1845 Ἀντίγονος
1555 1764 1630 1839 (καί

367 1867 506 1929 Σωτίων
528 1868 564 1928 ἐν
586 1874 650 1928 τῶι
664 1863 866 1942 ἑνδεκάτωι).
904 1873 1024 1928 τοῦτον
1046 1867 1111 1947 ἐγὼ
1133 1866 1190 1928 καί
1205 1862 1468 1951 ἑτερόφθαλμον
1483 1867 1629 1951 ηκουσα,

320 1977 349 2026 15
370 1969 448 2030 ἐπεὶ
470 1969 527 2030 καί
552 1969 654 2043 αύτός
677 1969 779 2030 αὐτόν
802 1965 975 2029 Κύκλωπα
998 1965 1119 2031 ἐκάλει.

452 2075 565 2152 γέγονε
587 2070 643 2132 καί
659 2071 773 2152 ἔτερος
791 2070 908 2148 Τίμων
924 2071 942 2130 ό
956 2071 1217 2153 μισάνθρωπος.
1264 2070 1284 2130 ό
1300 2057 1332 2131 δ’
1352 2067 1410 2131 οδν
1427 2065 1631 2155 φιλόσοφος

367 2173 423 2234 καί
441 2168 632 2256 φιλόκηπος
646 2166 686 2255 ἦν
703 2167 837 2256 σφόδρα
853 2171 910 2233 καί
926 2155 1171 2256 ἰδιοπράγμων,
1188 2173 1235 2246 ὡς
1249 2172 1306 2233 καί
1318 2162 1510 2253 Ἀντίγονός
1526 2186 1629 2256 φησι.

369 2273 467 2357 λόγος
494 2280 573 2356 γοῦν
601 2275 711 2336 εἰπεῖν
730 2263 926 2358 Ἱερώνυμον
953 2276 1012 2336 τόν
1033 2274 1310 2360 Περιπατητικόν
1334 2266 1404 2355 [om.
1423 2266 1537 2356 Hiller]
1563 2263 1627 2333 ἐπ’

369 2377 486 2438 αὐτοῦ·
508 2365 575 2450 ’ὡς
598 2376 691 2458 παρά
715 2381 790 2452 τοῖς
803 2377 956 2452 Σκύθαις
977 2377 1034 2438 καί
1057 2377 1092 2438 οί
1115 2377 1296 2460 φεύγοντες
1310 2370 1488 2451 τοξεύουσι
1509 2375 1569 2436 καί
1593 2376 1631 2436 οὶ

317 2484 346 2534 20
369 2473 557 2555 διώκοντες,
588 2478 676 2540 ούτω
705 2486 773 2542 τῶν
797 2476 1000 2565 φιλοσόφων
1030 2479 1064 2541 οί
1091 2479 1153 2556 μὲν
1182 2473 1361 2552 διώκοντες
1382 2477 1523 2564 θηρῶσι
1544 2479 1631 2552 τούς

367 2581 539 2664 μαθητάς,
570 2580 603 2642 οἱ
628 2575 663 2642 δέ
692 2584 882 2666 φεύγοντες,
904 2582 1064 2665 καθάπερ
1091 2580 1148 2642 καί
1176 2582 1194 2641 ό
1219 2571 1354 2658 Τίμων.’
1435 2575 1477 2663 ἦν
1506 2575 1544 2642 δέ
1568 2581 1630 2641 καλ
1654 2581 1710 2640 113

370 2678 448 2759 ὀξύς
469 2690 592 2767 νοῆσαι
613 2683 670 2743 καὶ
693 2679 970 2768 διαμυκτηρίσαι·
994 2680 1274 2768 φιλογράμματός
1296 2682 1411 2744 τεκαὶ
1434 2686 1508 2757 τοῖς
1523 2702 1631 2766 ποιη-

369 2790 445 2860 ταῖς
459 2786 594 2863 μύθους
608 2786 742 2867 γράψαι
758 2786 873 2860 ἱκανός
894 2786 951 2847 καί
968 2781 1123 2869 δράματα
1140 2781 1408 2846 συνδιατιθέναι.
1445 2779 1630 2861 μετεδίδου

370 2882 406 2948 δέ
429 2894 496 2949 τῶν
525 2881 737 2971 τραγωιδιῶν
762 2878 989 2970 Ἀλεξάνδρωι
1017 2888 1074 2949 καί
1099 2878 1257 2971 Ὁμήρωι.
1302 2886 1560 2970 θορυβούμενός
1591 2868 1639 2948 τε·

318 2995 347 3045 25
368 2988 436 3049 ὑπό
460 2995 527 3050 τῶν
542 2989 767 3070 θεραπαινῶν
788 2989 845 3051 καί
859 2996 966 3051 κυνῶν
989 2989 1103 3051 ἐποίει
1116 2984 1231 3073 μηδέν,
1256 2982 1458 3063 σπουδάζων
1479 2990 1564 3073 περί
1588 2992 1629 3051 τό

369 3083 555 3172 ἠρεμάζειν.
595 3091 682 3175 φασί
706 3087 742 3153 δέ
763 3081 975 3174 καίἍρατον
990 3090 1175 3153 πυθέσθαι
1190 3090 1295 3151 αὐτοῦ
1315 3095 1391 3164 πῶς
1406 3091 1466 3174 την
1478 3081 1630 3175 Ὁμήρου

371 3191 512 3273 ποίησιν
535 3190 672 3277 ἀσφαλῆ
695 3194 867 3277 κτήσαιτο,
896 3193 955 3253 τόν
978 3187 1014 3253 δὲ
1038 3194 1158 3268 εἰπεῖν,
1184 3183 1237 3253 ἐί
1258 3195 1332 3266 τοῖς
1353 3191 1510 3275 ἀρχαίοις
1533 3192 1631 3253 ἀντι-

369 3292 517 3375 γράφοις
531 3293 724 3375 ἐντυγχάνοι
745 3295 801 3356 καί
822 3296 867 3379 μη
884 3299 958 3369 τοῖς
976 3290 1039 3379 ἤδη
1056 3281 1340 3377 διωρθωμένοις’.
1378 3294 1448 3378 είκῆ
1464 3313 1501 3355 τε
1518 3294 1631 3356 αύτῶι

370 3394 477 3455 ἐκειτο
501 3394 542 3455 τά
566 3395 753 3479 ποιήματα,
776 3397 885 3458 ἐνίοτε
902 3396 1094 3480 ημίβρωτο·
1183 3396 1271 3456 ὥστε
1292 3394 1349 3456 καί
1364 3397 1540 3479 Ζωπύρωι
1561 3403 1632 3458 τῶι
1657 3396 1710 3455 114

319 3503 349 3552 111
370 3496 490 3579 ῥητορι
505 3496 775 3576 ἀναγινώσκοντά
798 3517 833 3560 τι
848 3495 1074 3559 ἐπιτυλίττειν
1096 3496 1153 3559 καί
1175 3497 1258 3558 κατὰ
1282 3498 1320 3558 τό
1337 3494 1489 3559 ἐπελθόν
1504 3492 1634 3573 διεξιέ-

371 3677 407 3731 P:
426 3676 455 3734 di
472 3675 594 3751 τραγικά
607 3677 644 3731 B:
662 3675 783 3751 τραγικά
802 3679 832 3737 δὲ
843 3678 874 3733 F.
981 3685 1048 3733 nota
1064 3679 1328 3749 pinaoographorum
1346 3680 1460 3733 stulmm
1480 3678 1634 3746 emblema,

373 3760 503 3831 quidum
527 3764 700 3835 τραγωιδίας
720 3767 769 3821 καὶ
788 3759 928 3834 σατύρους
949 3761 1094 3831 eminant,
1117 3764 1237 3819 comicos
1258 3762 1377 3819 absurde
1398 3762 1556 3819 adsdscunt
1581 3764 1632 3824 (ef.

375 3845 443 3903 Berl-
456 3846 522 3902 19112.
535 3851 610 3915 1891,
625 3852 709 3914 1073).
743 3850 809 3905 iiam
827 3848 917 3905 861101.
933 3846 1023 3902 Arist.
1039 3848 1103 3903 Pac.
1115 3851 1165 3902 835
1188 3844 1299 3923 ἔγραψε
1316 3848 1346 3906 δὲ
1369 3847 1429 3914 [1011
1445 3853 1557 3917 praeiet
1573 3858 1634 3904 tm·

372 3930 494 4000 goedins]
518 3936 567 3989 καί
584 3936 746 4000 κωμωιόίας
767 3936 816 3990 καί
837 3927 1040 4005 ἐπιγράμματα
1062 3936 1122 3989 κτλ
1157 3932 1282 3989 slmiliter
1302 3930 1434 4006 δράματα
1456 3926 1583 4005 τραγικά
1601 3934 1634 3989 in

372 4016 483 4071 Pindari
499 4018 597 4088 pinaoe
617 4017 757 4074 Suidiano.
833 4022 849 4072 2
869 4017 1001 4072 confusae
1019 4016 1215 4087 pinaoographi
1236 4026 1265 4073 et
1283 4018 1422 4089 Antigoni
1441 4018 1596 4075 memmiae

372 4104 456 4154 4-12
474 4100 663 4171 Apollonidea
750 4106 781 4157 10
799 4098 827 4159 ύλ
850 4095 939 4159 αόταῖι
955 4101 1004 4155 1³¹:
1027 4102 1058 4159 δὲ
1075 4095 1165 4159 αὐτόν
1181 4102 1218 4157 B:
1236 4101 1269 4175 δὴ
1286 4098 1358 4161 αύτά
1375 4103 1410 4157 F:
1429 4095 1521 4160 αὐτόν
1538 4102 1578 4157 1²¹

376 4188 406 4239 16
419 4187 468 4241 καί
475 4184 535 4241 BP:
548 4186 578 4244 δὲ
588 4186 672 4242 naz?
723 4190 756 4240 25
767 4184 860 4244 ἐποίει
871 4188 965 4258 μηδὲν]
979 4200 1016 4239 ευ.
1028 4188 1138 4259 ποίημα
1190 4191 1222 4242 26
1235 4181 1386 4260 ἠρεμάζειν
1394 4188 1431 4242 P¹
1441 4179 1636 4261 mrgaripiua

374 4272 425 4340 ζῆν
442 4269 524 4325 P¹BF
592 4274 625 4325 29
643 4270 767 4341 Zopyrus
783 4269 973 4327 Clazomenius
989 4286 1033 4341 ap.
1051 4270 1143 4336 Quint,
1159 4270 1202 4325 111
1213 4276 1266 4339 6,3
1335 4276 1368 4327 30
1386 4264 1634 4342 ἀναγινώσκοντά

374 4374 401 4409 τι
423 4352 523 4411 cobet:
540 4348 767 4425 ἀναγινώσκοντι
787 4354 845 4410 PF:
869 4347 1105 4423 ἀναγινώσκοντα
1125 4355 1149 4409 B
1155 4376 1162 4424 ;
1185 4354 1277 4426 legero
1298 4356 1448 4426 incipiebat
1469 4373 1487 4411 a
1507 4355 1635 4415 fortuito

385 4452 445 4502 oco,
463 4439 528 4507 quia
544 4438 679 4495 evoivens
700 4439 807 4494 initium
828 4455 886 4494 non
906 4439 1051 4493 invenerat
1070 4439 1229 4509 abscissum,
1252 4448 1285 4497 ut
1301 4455 1383 4510 saepe
1399 4440 1502 4511 fiebat3
1519 4450 1585 4498 tum
1603 4444 1635 4498 in

375 4520 468 4575 medio
484 4522 563 4588 libro,
581 4521 656 4592 quod
673 4523 760 4590 perire
777 4522 937 4587 crediderat,
954 4525 1072 4591 repperit
