3500 5075
274 315 277 320 '
318 313 378 372 100
797 312 821 363 δ.
839 304 1084 363 EMPEDOOLFS

315 491 376 549 τοῖς
393 480 446 552 μέν
462 473 521 539 ύπὸ
540 483 592 537 τού
609 475 719 547 έξωδεν
741 477 842 547 φωτός
860 470 1021 551 ἀποκριίίῆι
1040 473 1075 532 τὸ
1093 463 1179 546 ύδωρ,
1202 484 1266 541 τοῖς
1281 469 1309 531 δ’
1325 469 1385 532 ἀπὸ
1407 478 1461 534 τού
1483 467 1571 547 ἀέρος

315 565 499 637 [Εοιροᾱοοίίε
510 568 588 636 ορίσο
600 582 660 634 usu,
672 571 704 620 ut
713 579 835 633 aquosus
846 578 894 620 ειοτ
904 561 1076 634 signifioewr
1085 559 1120 616 οέ.
1130 576 1159 631 p.
1173 563 1231 627 101,
1242 565 1268 626 4]
1286 556 1320 618 τὸ
1333 563 1399 635 πύρ.
1425 556 1572 635 ἑκατέρων

314 650 373 725 γάρ
390 648 467 710 ἴασιν
490 647 561 710 εἶναι
583 647 618 708 τὸ
641 648 785 708 ἐναντίον.
820 645 928 720 ἀριοτα
950 647 981 706 δέ
997 648 1160 720 κεκρᾶσθαι
1181 648 1231 702 καί
1252 647 1403 719 βελτίστην
1424 641 1497 704 εἶναι
1519 644 1571 718 τήν

315 734 347 805 ἐξ
362 730 473 809 ἀμφοῖν
490 733 562 795 ἴσων
578 735 770 810 συγκειμένην.
805 737 854 792 καί
872 737 939 805 περί
955 733 1010 804 μέν
1028 727 1129 804 ὅψεως
1146 729 1251 803 σχεδόν
1267 735 1359 789 ταῦτα
1377 731 1461 804 λέγει.

279 843 294 893 5
417 834 469 911 τήν
480 832 508 896 δ’
520 832 613 909 ἀκοήν
624 832 684 896 ἀπὸ
697 843 757 896 τῶν
769 833 878 906 ἔξωθεν
890 833 1011 903 [ἔσωθεν
1022 833 1236 903 Schneidorep.
1247 837 1305 901 101,
1315 838 1356 900 λδ]
1368 836 1501 907 γίνεσθαι
1514 833 1570 908 ψό·
1605 837 1621 886 9

317 945 390 996 φων,
410 913 481 980 όταν
498 922 556 997 γάρ
572 925 600 990 [l.
619 917 636 982 ό
654 915 722 996 ἀήρ]
739 917 796 982 ὑπὸ
814 927 865 996 τής
881 925 980 995 φωνῆς
991 921 1109 992 κινηθὲν
1126 918 1153 984 [l-
1170 922 1255 985 -είςΙ
1272 911 1336 993 ήχήι
1353 917 1448 988 ἐντός.
1470 912 1571 993 ιύσπερ

316 1007 374 1082 γάρ
398 1003 472 1067 εἶναι
492 1004 613 1066 κόδωνα
640 1012 700 1066 τοῖν
726 1004 798 1066 ίσων
821 1005 984 1076 [ίέοωδεν]
1007 1004 1087 1079 ἢχων
1111 1000 1164 1078 τήν
1180 997 1281 1076 ἀκοήν,
1306 998 1343 1077 ήν
1359 1007 1570 1080 προσαγορεύει

317 1091 492 1164 σάρκινον
511 1090 609 1163 ὄζον·
628 1093 798 1168 κινουμένην
815 1093 1018 1166 [κινουμένηςο
1038 1093 1068 1150 δὲ
1085 1093 1182 1149 παίειν
1199 1085 1253 1147 τὸν
1270 1083 1344 1163 ἀέρα
1361 1086 1436 1164 πρός
1453 1087 1488 1150 τὰ
1507 1110 1571 1149 οτε·

319 1177 372 1253 ρεά
391 1183 440 1236 καί
458 1187 552 1237 ποιεῖν
568 1169 650 1252 ήχον.
687 1175 829 1252 ὄσφρησιν
847 1179 877 1237 δέ
900 1180 1034 1251 γίνεσθαι
1055 1180 1100 1251 τήν
1124 1168 1275 1248 ἀναπνοήι.
1311 1171 1355 1232 διὸ
1376 1179 1424 1233 καί
1446 1172 1578 1246 μάλιστα-

269 1267 298 1318 10
321 1257 535 1337 όυφραίνεοδαι
557 1258 693 1330 τούτους,
716 1259 760 1331 οἷς
784 1258 970 1336 σφοδροτάτη
994 1267 1047 1321 τού
1068 1259 1221 1330 ἀσθματος
1241 1254 1258 1332 ή
1282 1262 1402 1333 κίνησις·
1426 1253 1519 1333 όομήν
1542 1261 1572 1318 δέ

319 1350 455 1422 πλείστην
472 1341 533 1407 ἀπὸ
552 1352 611 1406 τῶν
627 1351 742 1406 λεπτῶν
764 1351 813 1405 καί
836 1353 897 1406 ταῖν
917 1345 1037 1420 κούφων
1060 1339 1212 1418 ἀπορρεῖν.
1246 1348 1314 1415 περὶ
1330 1345 1361 1403 δέ
1382 1341 1506 1417 γεύσεως
1522 1349 1572 1402 καί

318 1427 394 1506 ἀφής
416 1426 451 1490 ού
469 1435 626 1508 διορίζεται
647 1429 719 1492 καθ’
742 1430 885 1506 ἑκατέραν
901 1429 969 1491 ούτε
986 1436 1049 1500 πῶς
1071 1429 1139 1490 ούτε
1161 1424 1200 1488 δι’
1222 1424 1241 1489 ἀ
1264 1432 1422 1503 γίγνονται,
1445 1425 1519 1502 πλήν
1536 1426 1571 1487 τὸ

318 1517 421 1576 κοινόν
440 1511 484 1576 ότι
502 1523 556 1576 τωι
566 1515 755 1593 ἐναρμόττειν
772 1527 834 1586 τοῖς
851 1515 956 1592 πόροις
968 1514 1101 1589 αἴσθησίς
1118 1515 1210 1575 ἐστιν·
1226 1506 1347 1587 ήδεσδαι
1363 1514 1394 1572 δέ
1411 1523 1473 1581 τοῖς
1492 1509 1573 1584 ὁμοί-

320 1623 363 1670 οις
380 1600 456 1662 κατά
474 1623 506 1662 τε
523 1603 597 1675 (τά)
618 1603 708 1678 μόρια
730 1608 780 1661 καί
802 1600 854 1677 τήν
874 1585 979 1677 κράσιν
1000 1602 1027 1669 [i.
1039 1617 1063 1657 ο.
1080 1601 1155 1666 κατά
1172 1596 1225 1675 τήν
1246 1598 1279 1657 ἐν
1295 1608 1358 1665 τοῖς
1373 1592 1447 1657 καθ’
1464 1595 1572 1658 ἕκαστα

270 1702 298 1752 15
318 1690 434 1761 μορίοις
446 1693 499 1747 τού
510 1686 647 1758 σώματος
658 1693 764 1762 κρᾶσιν
775 1692 835 1746 τοῖν
847 1691 998 1760 στοιχείων
1009 1687 1044 1744 τί.
1056 1688 1072 1756 ξ
1083 1691 1134 1753 10],
1145 1690 1297 1744 λυπεῖσθαι
1308 1684 1339 1742 δέ
1350 1693 1412 1750 τοῖς
1423 1681 1573 1751 ἐναντίοις.

421 1782 559 1858 ὡσαύτως
576 1791 607 1849 δέ
618 1791 693 1864 λέγει
710 1795 760 1850 καί
776 1794 842 1866 περί
854 1790 1025 1862 φρονήσεως
1041 1793 1090 1847 καὶ
1102 1785 1232 1860 ἀγνοίας,
1302 1785 1337 1844 τό
1355 1782 1483 1857 μὲνγὰρ
1500 1806 1572 1859 φρο-
1592 1789 1624 1840 10

320 1883 380 1932 νεῖν
396 1871 468 1938 εἶναι
486 1885 549 1942 τοῖς
572 1873 696 1946 όμοίοις,
719 1872 753 1934 τὸ
772 1870 803 1933 δ’
820 1870 939 1949 ἀγνοεῖν
961 1885 1023 1942 τοῖς
1046 1869 1204 1944 ἀνομοίοις,
1226 1866 1267 1940 ιύς
1287 1869 1306 1944 ή
1323 1864 1432 1929 ταύτόν
1448 1865 1467 1942 ή
1483 1891 1576 1943 παρα·

319 1955 441 2031 πλήσιον
464 1956 499 2018 όν
523 1964 568 2034 τήι
590 1959 722 2034 αἰσθήσει
748 1961 800 2032 τήν
821 1958 972 2034 φρόνησιν.
1007 1956 1270 2032 διαριθμησάμενος
1295 1953 1361 2030 γάρ,
1386 1948 1427 2023 ἀς
1453 1952 1575 2014 ἕκαστον

322 2042 448 2102 ἑκάστων
470 2048 658 2117 γνωρίζομεν,
683 2045 731 2104 ἐπὶ
753 2046 825 2104 τέλει
850 2045 1034 2118 προσέθηκεν
1055 2038 1097 2111 ὦς
1115 2039 1171 2101 ιἐκ
1195 2036 1380 2100 τούτων-
1398 2033 1575 2099 ἀνιῶνται

271 2143 301 2194 20
321 2128 363 2194 [fr.
378 2132 435 2195 1οῖ]
454 2125 560 2187 διὸκαὶ
577 2134 628 2187 τιδι
642 2127 740 2201 ἀέκατι
757 2127 882 2201 μάλιστα
894 2139 1026 2203 φρονεῖν·
1044 2128 1077 2188 ἐν
1089 2125 1193 2187 τούτωι
1205 2121 1262 2200 γάρ
1273 2122 1398 2196 μάλιστα
1409 2129 1573 2197 κεκρᾶσθαι

322 2211 401 2282 [ἐστὶ]
419 2211 455 2273 τόι
474 2224 602 2287 στοιχεῖα
620 2219 680 2273 τῶν
697 2219 805 2287 μεροῖν.
1594 2217 1623 2266 11

425 2307 506 2384 όοοις
522 2317 576 2386 μὲν
599 2309 651 2376 ούν
673 2315 722 2376 ἴσα
739 2321 789 2375 καί
811 2313 998 2393 παραπλήσια
1019 2314 1171 2387 μέμεικται
1192 2319 1241 2373 καί
1257 2309 1295 2388 μή
1314 2313 1359 2373 διά
1381 2318 1491 2372 πολλοῦ
1507 2313 1574 2386 μηδ’

321 2391 358 2458 αύ
374 2395 465 2474 μικρά
480 2397 545 2474 μηδ’
568 2396 789 2477 ὑπερβάλλοντα
812 2406 864 2460 τῶι
881 2403 1008 2475 μεγέδει,
1030 2399 1151 2466 τούτους
1167 2395 1408 2473 φρονιμωτάτους
1429 2394 1503 2458 εἶναι
1524 2403 1574 2456 καί

321 2484 398 2545 κατά
416 2484 468 2554 τάς
479 2481 626 2559 αἰσθήσεις
638 2481 875 2562 ἀκριβεστάτους,
892 2484 966 2547 κατά
981 2482 1072 2589 λόγον
1091 2485 1122 2545 δὲ
1138 2487 1188 2542 καί
1205 2478 1273 2551 τούς
1289 2477 1437 2557 ἐγγυτάτω
1454 2480 1576 2552 τούτων,

270 2575 300 2627 25
323 2561 405 2639 όσοις
426 2565 453 2628 δ’
476 2567 623 2640 ἐναντίως,
646 2566 894 2647 ἀφρονεστάταυς.
929 2574 978 2630 καί
999 2593 1042 2630 ων
1063 2571 1117 2639 μὲν
1138 2566 1217 2641 μανά
1240 2572 1291 2628 καί
1314 2563 1404 2642 ἀραιὰ
1424 2579 1517 2630 κεῖται
1539 2566 1575 2629 τὰ

322 2666 462 2729 στοιχεῖα,
479 2658 613 2733 νωδρούς
629 2662 676 2716 καί
693 2653 862 2726 ἐπιπόνους·
881 2648 923 2714 ὧν
940 2657 971 2715 δέ
987 2653 1081 2715 πυκνά
1099 2658 1147 2713 καί
1165 2649 1241 2712 κατὰ
1258 2650 1346 2728 μικρά
1365 2655 1575 2727 τεδραυσμένα,

322 2738 391 2808 τούς
404 2741 434 2800 δὲ
446 2738 595 2811 τοιούτους
609 2736 682 2811 όξεῖς
694 2744 873 2817 φερομένους
883 2746 933 2799 καί
945 2747 1065 2807 πολλοῖς
1081 2738 1326 2813 ἐπιβαλλομένους
1339 2736 1423 2813 α’λίγα
1434 2738 1575 2798 ἐπιτελεῖν

322 2823 367 2885 διὰ
385 2824 437 2897 τήν
461 2818 582 2900 όξύτητα
604 2828 656 2899 τῆς
678 2832 731 2886 τοῦ
754 2825 877 2899 αἳματος
899 2830 1004 2900 φορᾶς.
1040 2820 1084 2893 οἷς
1110 2825 1141 2883 δέ
1161 2818 1237 2884 καθ’
1255 2821 1286 2883 έν
1303 2846 1330 2883 τι
1346 2820 1452 2899 μόριον
1469 2821 1486 2896 ἦ
1503 2824 1575 2895 μέση

322 2912 426 2983 κρᾶσίς
442 2908 513 2981 ἐστι,
534 2908 633 2985 ταύτηι
656 2909 767 2983 σοφούς
789 2910 930 2979 ἑκάστους
947 2906 1033 2969 εἶναι·
1056 2905 1100 2967 διὸ
1120 2904 1189 2977 τοὺς
1209 2910 1264 2980 μὲν
1286 2907 1415 2984 ῥήτορας
1437 2902 1577 2981 ἀγαδούς,

272 3004 302 3054 30
323 2989 391 3061 τοὺς
408 2995 438 3054 δὲ
450 3000 590 3068 τεχνίτας,
608 2991 649 3064 ὥς
659 3006 722 3065 τοῖς
733 2997 787 3069 μέν
803 2996 836 3055 ἐν
853 3004 918 3064 ταῖς
926 2998 1021 3069 χερσί,
1037 3004 1101 3062 τοῖς
1118 2994 1148 3053 δὲ
1163 2991 1197 3051 ἐν
1213 2998 1260 3067 τήι
1271 2991 1394 3067 γλιύττηι
1411 2990 1462 3065 τήν
1472 2997 1578 3065 κρᾶσιν

324 3069 427 3137 ούσαν·
447 3075 557 3151 όμοίως
573 3078 602 3140 δ’
622 3078 698 3155 ἐχειν
715 3086 764 3139 καί
781 3080 856 3140 κατὰ
875 3078 928 3147 τάς
945 3077 1036 3147 ἀλλος
1052 3078 1195 3150 δυνάμεις.

424 3175 460 3237 Ἑ.
484 3182 538 3251 μὲν
560 3174 612 3241 ούν
635 3173 728 3251 ούτως
750 3182 842 3242 τίεται
864 3186 914 3240 καί
937 3179 989 3253 τήν
1012 3179 1148 3253 αἴσθησιν
1169 3184 1303 3254 γίνεσθαι
1324 3184 1374 3239 καί
1395 3177 1431 3237 τό
1449 3188 1577 3254 φρονεῖν,
1597 3180 1628 3231 11

322 3256 480 3339 ἀπορήσειε
497 3258 525 3323 δ’
543 3263 581 3325 ἀν
598 3288 641 3335 τις
663 3259 753 3337 ἐξόν
770 3268 846 3342 λέγει
870 3272 990 3342 πρῶτον
1006 3268 1068 3339 μέν,
1091 3270 1121 3324 τί
1139 3270 1240 3325 διοίσει
1257 3264 1293 3327 τά
1317 3262 1432 3338 ἔμψυχα
1449 3261 1525 3337 πρὸς
1542 3264 1577 3321 τό

293 3388 310 3421 ⁴.
325 3344 716 3505 αὶσδάνεσδαιπιῦνὲτίλλρρη
745 3349 921 3449 έναρμόττξρ
935 3351 993 3427 γάρ
1009 3357 1059 3411 καί
1076 3361 1139 3419 τοῖς
1156 3356 1216 3410 τῶν
1227 3344 1349 3424 ἀψύχων
1367 3346 1485 3422 πόροις·
1504 3339 1579 3414 ύλος

272 3424 307 3500 35⁸
323 3430 361 3507 γά
399 3444 477 3493 ποιεῖ
494 3410 548 3508 ἶήν
614 3457 641 3494 ιν
657 3458 703 3509 τηι
722 3440 894 3513 συμμετρίαι
907 3441 976 3496 ’ταῖν
993 3436 1110 3510 πόρων·
1134 3433 1237 3509 διόπερ
1254 3432 1352 3494 ἔλαιον
1367 3435 1420 3505 μέν
1436 3437 1485 3491 καί
1501 3425 1578 3505 ύδοιρ

327 3454 545 3614 ούύείγνυσδαι,
563 3521 600 3581 τά
619 3523 649 3581 δὲ
661 3520 733 3581 ἀλλα
745 3519 819 3597 ύγρά
831 3527 882 3581 καί
893 3527 960 3597 περί
976 3513 1057 3582 ύσων
1073 3521 1339 3596 δήκαταριδμεῑται
1356 3517 1409 3588 τόις
1419 3521 1491 3585 ἰδίας
1507 3516 1577 3591 κρά-

324 3624 391 3672 σεις.
425 3595 502 3663 ὥστε
519 3600 614 3665 πάντα
632 3626 664 3664 τε
682 3602 851 3679 αἰσθήσεται
867 3608 918 3662 καί
934 3599 1044 3665 ταύτόν
1061 3601 1141 3665 ἐσται
1158 3608 1232 3676 μίξις
1249 3609 1298 3664 καί
1315 3604 1446 3678 αίσδηοις
1462 3605 1512 3661 καί
1528 3596 1577 3659 αύ-

324 3694 414 3763 ξησις·
436 3687 532 3750 πάντα
554 3686 612 3765 γὰρ
638 3700 716 3750 ποιεῖ
736 3695 782 3765 τήι
805 3693 976 3763 συμμετρίαι
1003 3696 1063 3749 τιύν
1085 3688 1206 3766 πόρων,
1226 3686 1280 3749 ἐὰν
1305 3687 1344 3763 μή
1366 3692 1493 3762 προσθήι
1514 3707 1578 3745 τινα

324 3771 476 3848 διαφοράν.

275 3873 304 3924 10
428 3854 527 3918 ἔπειτα
544 3858 577 3920 έν
594 3855 692 3929 αύτοῖς
714 3870 776 3929 τοῖς
792 3859 934 3935 ἐμψύχοις
951 3864 979 3919 τί
997 3864 1109 3931 μάλλον
1129 3858 1298 3934 αἰσθήσεται
1320 3861 1355 3919 τό
1372 3858 1405 3918 ἐν
1421 3863 1474 3918 τῶι
1491 3854 1579 3930 ζούιωι
1599 3862 1629 3911 13

325 3947 383 4016 πύρ
400 3940 418 4017 ή
435 3939 471 4003 τό
489 3944 583 4014 ἐκτὸς,
601 3943 683 4021 εἴπερ
700 3938 931 4019 ἐναρμόττουσιν
942 3939 1090 4019 ἀλλήλοις,·
1105 3939 1229 4019 ύπάρχει
1245 3944 1303 4022 γὰρ
1319 3938 1402 4018 καλή
1421 3947 1579 4018 συμμετρία

325 4032 374 4087 καί
392 4026 427 4088 τό
447 4020 560 4102 όμοιον.
587 4026 629 4089 ἐτι
646 4032 676 4090 δὲ
693 4024 805 4105 ἀνάγκη
816 4028 962 4105 διαφοράν
978 4052 1043 4089 τινα
1059 4026 1144 4104 ἐχειν,
1161 4028 1243 4104 εἴπερ
1254 4024 1326 4090 αύτὸ
1344 4030 1397 4101 μέν
1412 4026 1451 4102 μή
1463 4026 1579 4089 δύναται

326 4120 509 4189 συμπληροῦν
526 4114 594 4184 τούς
615 4109 735 4192 πόρους,
757 4116 792 4175 τό
815 4112 842 4173 δ’
862 4112 972 4185 ἔξωθεν
993 4111 1135 4174 ἐπεισιόν·
1159 4107 1233 4175 ἀπ’
1251 4117 1278 4176 εί
1300 4106 1405 4187 ὅμοιον
1425 4105 1581 4188 ήνπάντηι

324 4202 374 4257 καί
391 4197 516 4269 πάντως,
534 4194 587 4259 ούκ
604 4197 642 4261 ἀν
666 4192 703 4274 ήν
720 4200 860 4275 αἴσθησις.
897 4198 940 4260 ἔτι
957 4201 987 4260 δέ
1010 4198 1141 4274 πότερον
1164 4201 1193 4260 οἳ
1209 4199 1300 4278 πόροι
1321 4205 1402 4261 κενοί
1418 4196 1438 4268 ἣ
1453 4196 1582 4273 πλήρεις,1

275 4293 305 4343 15
326 4283 353 4342 εί
366 4285 421 4355 μέν
431 4284 490 4360 γάρ
500 4288 590 4353 κενοί,
609 4289 760 4361 συμβαίνει
771 4291 927 4359 διαφωνεῖν
939 4284 1053 4345 ἑαυτῶι.
1071 4291 1141 4359 φησί
1157 4283 1216 4361 γάρ
1234 4279 1311 4356 όλως
1328 4281 1381 4347 ούκ
1392 4282 1466 4345 εἶναι
1481 4282 1580 4343 κενόν·

237 4408 238 4411 ¹
327 4366 355 4426 εί
370 4369 400 4428 δὲ
417 4366 542 4473 πλήρεις,
560 4365 605 4430 ἀεῖ
622 4366 659 4430 ἀν
671 4368 842 4431 αἰσθάνοιτο
861 4370 897 4431 τά
915 4376 1001 4442 ζοῑια·
1018 4375 1106 4444 δῆλον
1121 4368 1180 4444 γάρ
1197 4367 1237 4439 ιύς
1248 4370 1429 4448 ἐναρμόττει,
1445 4368 1582 4442 καθάπερ

327 4454 406 4525 φησί,
422 4451 458 4513 τὸ
478 4475 590 4527 ομοιον.
