3500 5075
358 309 418 369 140
838 313 861 362 6.
879 305 1126 364 EMPEDOCLES

483 487 530 560 ὣς
546 481 645 567 γλυκύ
667 483 728 562 μὲν
750 480 849 565 γλυκὺ
864 485 1011 566 μάρπτε,
1034 485 1157 567 πικρὸν
1180 474 1213 545 6'
1231 484 1292 546 ἐπὶ
1314 486 1436 569 πικρόν
1460 486 1622 570 ὄρουσεν,

483 584 541 664 ὀξὺ
565 577 598 649 6²
624 576 682 648 ἐπ’
710 581 768 661 ὀξιί
791 585 862 667 ἔβη,
886 584 1017 667 θερμὸν
1041 575 1074 647 6'
1100 587 1281 665 ἐποχειίετο
1304 586 1450 672 θερμῶν.

457 722 470 774 1
488 716 542 786 μὲν
558 715 652 772 Maon:
669 715 723 784 μὲν
739 711 787 772 ἐπί
803 712 877 769 Plan
938 718 953 768 2
972 713 1091 770 exhibeo
1108 713 1241 782 Maorob.;
1259 724 1289 772 nt
1305 716 1335 771 in
1351 716 1493 773 ineunoein
1509 724 1540 774 et
1552 733 1622 773 oor-

352 802 441 872 ruptis
463 801 535 858 Plnt.
555 793 605 868 α’ξυ
622 791 650 857 6'
666 790 716 856 ἐπ’
736 790 785 866 66
803 792 927 869 δαλερὸν
945 801 1068 869 δαλεροῦ
1089 799 1147 866 (nio)
1168 799 1288 858 fortoeeo
1310 801 1405 872 glonna
1427 801 1622 873 Empedooien

352 888 420 945 latet
441 882 548 959 θαερὸν
569 879 597 942 6'
620 881 756 956 ἐποχεῐτο
780 887 901 956 δαηρῶις
936 882 971 940 41
984 884 1049 939 Η44.
1063 883 1180 957 όαερόνε
1202 886 1294 954 μέλαν
1315 889 1365 944 καί
1387 885 1422 944 τό
1445 883 1620 956 καιόμενον.

354 969 473 1074 θαηρόν·
496 967 617 1041 θερμόν.
652 965 846 1041 καυματηρόν
886 966 932 1022 Et.
948 966 984 1022 Μ
1001 973 1066 1036 244,
1081 972 1114 1023 42
1138 973 1164 1032 (4
1185 968 1372 1041 Diogeninno)
1396 970 1518 1045 δαηρόν·
1540 976 1620 1041 λαμ·

354 1054 439 1129 πρόν,
457 1057 554 1130 ξηρόν,
570 1050 815 1127 καυματηρόνμ
781 1049 966 1122 -ἐπεχεϊτο
985 1053 1056 1109 serie
1074 1059 1216 1123 troporum
1233 1055 1329 1111 relicto
1344 1055 1467 1113 Lobeok.
1494 1056 1529 1112 Η.
1538 1055 1620 1113 Weil

354 1151 409 1199 tren
426 1157 523 1198 versus
539 1140 626 1197 141444
643 1139 772 1204 eredidit,
793 1137 912 1192 velutr.
925 1141 941 1192 θ
961 1129 1056 1204 όξόιλ’
1073 1132 1123 1196 ἐπ1
1146 1132 1197 1206 όξι)
1214 1135 1278 1214 ἔβη,
1295 1138 1446 1212 πλαδαρὸν
1463 1144 1620 1214 arama&

354 1222 489 1330 [χαλαρὸν
512 1228 639 1296 χαλεροῦ
663 1222 802 1290 nonem,
821 1221 914 1292 possis
930 1214 1065 1280 66r6v6'
1087 1217 1174 1282 αίλεοῦ
1191 1223 1226 1280 41.
1247 1225 1366 1298 Ησεγτίι]
1395 1219 1498 1301 λάβετ’
1522 1217 1621 1297 6(aea,

354 1308 469 1385 ψυχρὸν
481 1310 511 1369 δὲ
523 1313 663 1382 ψυχραῖι),
680 1305 794 1380 θερμον
811 1299 839 1363 6
856 1303 1013 1406 ἐπρχεόετο
1032 1311 1153 1380 θερμῶι.
1180 1308 1270 1366 Potor
1288 1310 1408 1380 denique
1425 1317 1543 1382 temptat
1559 1327 1619 1367 444.

353 1395 491 1453 Plutarchi
512 1393 671 1450 memoriam
695 1385 935 1460 64144414
953 1386 1063 1458 σπεῦδ’,
1084 1386 1193 1465 ἆλερόν
1216 1395 1297 1461 [idem
1315 1396 1471 1466 essequod
1491 1391 1617 1459 ἁλυκόν]

353 1474 381 1539 6’
398 1475 505 1554 όλεροῡ
523 1471 625 1547 λάβετ’
644 1468 720 1539 αἷκα,
737 1484 796 1532 tum
813 1477 947 1533 Macrobii
964 1477 1181 1534 continuandum
1198 1495 1259 1535 4444
1277 1475 1392 1560 ψυχρὸν
1414 1480 1528 1553 ψυχρόν
1551 1475 1619 1554 ἔβη,

353 1558 510 1636 θερμόνι1
528 1559 683 1636 ίποχεόετα
701 1565 822 1632 θερμῶι.
859 1569 889 1618 at
907 1562 978 1618 dnos
995 1577 1093 1616 verens
1110 1561 1196 1619 141444
1213 1564 1295 1620 doeet
1310 1566 1442 1622 recensio.

762 1701 792 1752 91
814 1701 883 1763 [212.
896 1702 945 1752 213
958 1697 1002 1763 Κ.
1020 1701 1079 1752 284.
1091 1701 1141 1753 285
1154 1698 1203 1764 St]

456 1787 548 1841 Am.
561 1781 798 1851 (144444Π23ρ.
810 1787 852 1849 12,
864 1781 983 1837 9Brons
996 1781 1040 1848 [41.
1052 1783 1083 1837 A
1096 1786 1168 1852 891).
1183 1787 1240 1850 103,
1251 1787 1293 1849 11]
1310 1788 1425 1858 περί
1388 1805 1439 1857 της
1445 1779 1622 1858 Ηρακλείας

355 1873 440 1929 λίθου
458 1867 502 1928 διὰ
521 1872 551 1927 τί
568 1865 642 1926 ἕλκει
660 1866 713 1924 τόν
730 1867 903 1966 ρίθηρον,·..
916 1861 980 1924 ,διὰ
998 1869 1028 1922 τί
1043 1863 1103 1968 γὰρ
1118 1863 1206 1936 μόναι
1225 1863 1291 1926 αί
1271 1864 1332 1928 απὸ
1350 1871 1401 1941 τῆς
1419 1863 1540 1927 λίθου’
1520 1865 1618 1942 απόρ-

354 1977 432 2028 ροιαι
449 1964 539 2014 κινεῖν
555 1951 689 2011 ιίόνανται
707 1944 761 2007 τὸν
777 1947 1034 2020 ἐπιπωματίζοντα
1052 1949 1122 2018 τούς
1140 1956 1194 2010 τοῦ
1210 1949 1331 2025 σιδήρου
1344 1950 1456 2027 πόρους
1473 1947 1547 2028 όέρα
1564 1958 1619 2011 καὶ

353 2040 495 2113 ἐπέχοντα
513 2039 566 2105 τὰς
582 2030 761 2108 ἀπορροίας,
784 2031 826 2093 ἔτι
842 2031 888 2093 διὰ
906 2037 936 2092 τί
953 2031 1025 2094 ἄλλο
1045 2032 1129 2094 οὐδὲν
1151 2037 1227 2110 πρός
1249 2034 1321 2095 ἄλλο
1344 2058 1371 2096 τι
1389 2030 1467 2097 οὕτω
1485 2039 1619 2111 φέρεται,

352 2129 451 2184 καίτοι
467 2119 560 2182 πολλὰ
578 2121 691 2194 λέγεται
707 2113 759 2178 ὑπ’
781 2115 871 2177 αὐτοῦ
893 2119 1072 2193 συμμέτρους
1093 2118 1162 2188 τοὺς
1179 2121 1291 2194 πόρους
1312 2119 1389 2194 πρὸς
1406 2117 1533 2196 ἀλλήλας
1550 2133 1620 2190 ταῖς

353 2203 528 2284 α’πορροίαις
546 2203 634 2280 ἔχεινς
651 2205 726 2277 λέγει
737 2207 809 2276 γοῦν
825 2204 890 2270 [soil.
899 2204 1102 2274 Empedocleel·
1119 2197 1196 2279 ὕδωρ

513 2315 611 2378 οἴνωι
633 2309 761 2391 μᾶλλον
784 2312 983 2397 ἐνάρθμιαν,
1007 2314 1113 2396 αὐτὰρ
1137 2310 1257 2376 &iacun

510 2418 568 2479 οὐκ
590 2411 714 2478 ἐθέλει.

353 2531 419 2588 hino
434 2529 542 2601 Philop.
561 2531 654 2597 (immo
672 2525 797 2593 menei)
816 2525 852 2582 de
869 2542 932 2597 gen.
945 2525 1027 2582 enim.
1040 2527 1074 2582 fr
1090 2531 1133 2582 511Ι
1146 2532 1178 2584 10
1196 2531 1246 2585 καί
1263 2517 1306 2585 ὦν
1322 2531 1376 2601 μέν
1393 2529 1448 2589 είαι
1465 2526 1501 2590 τὰ
1520 2531 1618 2590 ναστᾶ

352 2621 402 2675 καί
419 2616 448 2674 oi
465 2614 555 2686 πόροι
572 2612 712 2681 (τουτέστι
729 2609 765 2669 τὰ
782 2616 867 2669 κοῖλα
885 2614 935 2669 καί
952 2608 1045 2670 πυκνὰ
1059 2610 1209 2684 σόμμετρα
1228 2608 1303 2673 ὥστε
1314 2612 1456 2675 δύνασθαι
1473 2609 1512 2673 δι’
1528 2609 1617 2687 6666·

355 2707 414 2760 λων
428 2709 545 2774 χωρεῖν,
563 2698 675 2757 τούτων
693 2692 818 2769 ἔφασκεν
834 2697 913 2766 μίξιν
929 2700 978 2754 καί
994 2700 1099 2769 κρᾶσιν
1121 2692 1186 2755 οἷον
1209 2688 1314 2767 ὕδατος
1334 2704 1384 2759 καὶ
1407 2692 1546 2768 οίνον,1
1524 2721 1567 2759 ων
1584 2703 1618 2761 δὲ

355 2780 532 2857 α’σόμμετρα,
553 2780 660 2853 ἄμικτα
683 2785 773 2839 ταῦτα
791 2775 919 2853 ἔφασκεν
936 2772 1057 2839 είναι11
1031 2802 1132 2853 ωσπερ
1153 2778 1252 2840 ἔλαιον
1273 2788 1323 2843 καί
1343 2776 1429 2858 6660.
1463 2788 1533 2888 φησί
1554 2783 1615 2860 γὰρ

350 2865 501 2943 1ὕόωρ-
465 2861 639 2927 -666661’
666 2871 755 2924 ταῦτα
782 2866 874 2938 λέγων
895 2864 972 2925 κατὰ
994 2865 1105 2933 παντός
1126 2864 1263 2936 σώματος
1288 2866 1340 2936 τὴν
1362 2870 1460 2929 αἰτίαν
1480 2874 1531 2944 τῆς
1552 2876 1615 2929 τῶν

354 2952 481 3028 ἡμιόνων
499 2949 633 3019 αίτεκνίας
651 2945 786 3011 απεδίίου
802 2940 941 3023 λέγων,1’
922 2971 968 3009 οτι
985 2948 1021 3010 τὰ
1039 2956 1123 3009 κοῖλα
1141 2956 1190 3009 καί
1208 2949 1300 3011 πυκνὰ
1319 2955 1371 3013 τοῦ
1390 2954 1506 3014 ιππείου
1523 2957 1614 3027 σπέρ-

353 3060 454 3109 ματος,
473 3034 583 3109 όμοίως
602 3038 632 3096 66
648 3040 698 3094 καί
714 3040 768 3094 τοῦ
784 3038 964 3108 καταμηνίου
981 3040 1031 3110 τῆς
1053 3032 1125 3094 όναο
1147 3031 1296 3104 (ἔνεισι
1263 3059 1321 3112 γαρ
1342 3061 1399 3098 κατ
1404 3034 1547 3100 ’ἐκεῖνον
1562 3046 1614 3100 καί

354 3124 386 3182 ἐν
403 3145 455 3183 τινι
471 3125 649 3195 καταμηνίων
666 3115 759 3179 πυκνὰ
777 3124 826 3179 καί
841 3125 928 3177 κοῖλα
944 3110 1044 3191 (όσπερ
1060 3125 1110 3179 καί
1126 3118 1159 3178 ἐν
1176 3125 1221 3193 τῆι
1238 3128 1291 3182 τοῦ
1308 3121 1401 3182 ιππου
1411 3130 1505 3199 γονῆι)
1523 3126 1559 3185 τὰ
1579 3122 1611 3198 δὴ

353 3215 439 3267 κοῖλα
456 3213 505 3267 καί
522 3204 614 3266 πυκνὰ
632 3202 808 3280 ἀμφοτέρων
825 3210 884 3263 τῶν
896 3203 1080 3277 σπερμάτων,
1097 3209 1151 3263 τοῦ
1162 3225 1194 3264 τε
1207 3203 1279 3265 ὄνου
1289 3213 1338 3267 καί
1350 3230 1402 3269 του
1389 3206 1549 3278 ’,111ππου
1536 3232 1612 3284 νγρα

353 3298 402 3351 καί
419 3293 534 3362 μαλακαί
554 3290 626 3351 ὄντα
645 3289 778 3351 δύνανται
795 3288 840 3349 διὰ
852 3287 905 3364 τὴν
915 3290 1104 3362 μαλακότητα
1115 3292 1271 3364 μίγνυσθαι
1283 3299 1342 3352 κτλ.
1360 3295 1395 3352 41.
1407 3296 1497 3353 Ariet-
1509 3300 1571 3352 141·
1578 3301 1612 3352 34

354 3380 410 3447 (eit,
422 3379 459 3435 ad
469 3378 503 3433 fr.
516 3382 559 3443 92)
577 3386 605 3434 et
622 3380 722 3433 'irene

459 3502 473 3552 1
493 3494 575 3555 οἴναι
591 3487 669 3568 ὕδωρ
686 3498 798 3564 μᾶλλον
808 3494 862 3565 μὲν
880 3494 970 3563 Stein;
988 3494 1083 3566 potine
1094 3496 1202 3552 initium
1213 3496 1364 3554 Alexandri
1375 3498 1487 3555 videtur
1504 3506 1612 3556 senten·

353 3582 420 3639 tiam
439 3581 610 3638 declarantis.
644 3580 763 3636 fortasse
779 3570 869 3650 ὕδωρ·
889 3576 971 3636 οίνιυι
993 3578 1046 3646 μὲν
1071 3576 1131 3653 γὰρ
1147 3585 1260 3649 μᾶλλον
1324 3580 1497 3657 ἐναρίθμιον
1517 3585 1611 3653 Alex„

353 3666 477 3738 Philon:
497 3683 565 3723 corr.
584 3665 704 3720 Koreton
773 3667 788 3717 2
806 3660 901 3721 ἐθέλει
919 3680 956 3719 so.
973 3660 1164 3737 ἐναρμόττειν

898 3871 929 3922 92
948 3872 1007 3933 [450
1026 3869 1071 3934 Κ.]

455 3952 556 4009 Amen.
574 3953 610 4009 de
626 3968 690 4023 gen.
702 3952 784 4007 enim.
796 3951 819 4005 B
832 3955 856 4007 8.
870 3956 972 4007 14144
991 3954 1036 4020 (de
1058 3954 1220 4025 quaestione
1241 3955 1285 4013 διὰ
1304 3957 1334 4013 τί
1351 3951 1385 4013 τὸ
1404 3960 1465 4014 τῶν
1481 3950 1611 4029 ἢμόνον

352 4038 436 4111 γένος
458 4034 568 4111 ἄγονον
592 4034 713 4093 411182
735 4029 873 4107 49411.
897 4031 924 4094 6’
947 4040 1073 4097 αἰτιᾶται
1095 4034 1130 4097 τό
1156 4049 1264 4112 μεῖγμα
1290 4039 1325 4098 τὸ
1349 4044 1410 4098 ταῖν
1435 4038 1611 4114 σπερμάτων

352 4126 484 4196 γίνεσθαι
501 4118 611 4180 πυκνόν
627 4121 661 4181 ἐκ
677 4126 807 4194 μαλακῆς
823 4123 874 4195 τῆς
895 4126 983 4195 γονῆς
1000 4121 1085 4197 οόσης
1102 4122 1252 4198 ἑκατέρας·
1271 4122 1480 4195 συναρμόττειν
1496 4123 1554 4200 γὰρ
1571 4122 1609 4185 τὰ

351 4212 436 4267 κοῖλα
454 4218 517 4276 τοῖς
533 4216 652 4274 πυκνοῖς
670 4200 806 4279 ἀλλήλων,
823 4204 856 4263 ἐκ
873 4208 904 4265 δὲ
920 4210 980 4264 τῶν
1002 4204 1144 4267 τοιοότων
1160 4213 1295 4282 γίνεσθαι
1317 4208 1351 4268 ἐκ
1367 4214 1508 4279 μαλακόν
1524 4214 1608 4283 σκλη-

353 4291 408 4364 ρόν
425 4284 525 4364 ὥσπερ
543 4296 604 4351 τῶι
621 4292 833 4362 καττιτέροιι
854 4293 1030 4365 μιχθέντα
1052 4291 1115 4353 τὸν
1130 4292 1278 4367 χαλκόν,
1300 4296 1392 4368 λέγων
1409 4289 1475 4354 οὔτ’
1491 4293 1540 4354 ἐπὶ
1556 4299 1610 4353 τοῦ

350 4383 461 4450 χαλκοῦ
482 4382 532 4437 καί
553 4381 606 4435 τοῦ
627 4376 797 4450 καττιτέρου
820 4374 873 4450 τὴν
895 4378 992 4436 αἰτίαν
1014 4374 1114 4449 ὀρθῶς
1132 4424 1139 4438 .
1158 4421 1191 4436 ..
1216 4375 1284 4438 οὔθ’
1304 4372 1378 4447 όλως
1399 4377 1433 4437 ἐκ
1455 4382 1611 4453 γνωρίμου

351 4460 526 4535 ποιούμενος
553 4460 604 4529 τὰς
627 4456 725 4535 α’ρχιίς.
761 4459 797 4520 τὰ
819 4459 877 4536 γὰρ
898 4468 983 4522 κοῖλα
1004 4468 1053 4521 καί
1075 4460 1112 4523 τὰ
1142 4463 1245 4536 στερεὰ
1269 4460 1455 4539 όρμόττοντα
1477 4459 1611 4538 ἀλλήλοις
