3500 5075
377 345 446 400 VIII
905 346 1115 401 PRAEFATIO

380 503 611 564 controversiam
639 502 744 563 afferre
765 501 857 565 nolui.
901 502 990 565 immo
1011 524 1115 566 verum
1136 502 1207 564 mihi
1228 502 1499 584 impraesentiarum
1520 503 1636 566 videtur
1715 511 1716 550 i

376 603 543 684 fragmenta
564 604 674 685 dispari
695 605 794 684 potius
815 613 846 665 et
866 605 1017 687 incompto
1038 626 1128 687 quam
1142 605 1243 668 fucato
1259 625 1392 667 sermone
1406 606 1538 687 prodere,
1553 626 1635 688 prae·
1715 603 1716 610 '

378 708 477 768 sertim
498 728 567 769 cum
588 716 677 769 testes
699 706 768 768 inde
790 727 809 769 a
829 707 957 769 Platone
978 717 1008 769 et
1027 707 1189 770 Aristotele
1209 707 1316 769 harum
1336 729 1432 769 rerum
1453 708 1573 769 minime
1587 730 1637 770 cu·

376 810 468 872 riosos
490 809 581 872 fuisse
609 818 733 873 constet.
779 809 878 891 itaque
899 819 934 871 ut
954 811 1178 892 investigatores
1199 811 1378 873 Homericae
1399 810 1516 873 dialecti
1536 832 1637 873 escen·

377 913 452 975 dant
473 932 591 974 necesse
612 922 658 973 est
680 933 776 993 usque
790 912 829 974 ad
850 912 953 994 ipsam,
975 914 1000 975 si
1014 914 1101 976 modo
1115 914 1177 975 fieri
1190 924 1297 995 potest,
1311 923 1464 995 poetarum
1478 914 1636 988 oilleinam,

377 1016 501 1077 editores
512 1024 610 1076 autem
621 1014 693 1075 citra
700 1014 973 1078 Alexandrinorum
984 1024 1108 1077 aetatem
1119 1018 1283 1079 necessario
1294 1016 1511 1090 contineantur,
1523 1018 1564 1078 ita
1572 1016 1637 1098 phi-

377 1116 569 1198 losophorum
584 1126 737 1197 poetarum
752 1136 847 1178 sermo
861 1118 945 1179 varia
959 1117 1077 1179 testium
1091 1118 1149 1180 fide
1163 1140 1199 1180 ac
1210 1118 1424 1181 consuetudine
1433 1119 1514 1181 varie
1524 1118 1636 1181 colora·

376 1228 425 1283 tus
447 1219 592 1281 mordicus
615 1218 762 1280 tenendus
780 1228 832 1293 est,
848 1228 883 1280 ut
896 1220 1101 1301 incormptum
1114 1220 1344 1283 fundamentum
1358 1221 1399 1284 eis
1414 1221 1636 1302 quaestionibus

377 1323 573 1397 substruatur,
596 1343 672 1404 quae
697 1321 734 1384 de
756 1320 930 1383 Eleatarum
951 1332 982 1384 et
995 1322 1162 1386 Siculorum
1177 1325 1258 1405 possi
1278 1324 1336 1385 iam
1348 1323 1441 1404 paulo
1455 1324 1636 1387 commodius

376 1438 406 1489 et
427 1426 533 1489 certius
555 1426 661 1507 opinor
682 1434 823 1507 poterunt
846 1426 967 1489 institui

462 1528 542 1611 quod
564 1549 673 1591 munus
695 1528 892 1590 subeuntibus
914 1529 1003 1590 etiam
1024 1529 1158 1592 Indicam
1179 1530 1392 1593 vocabulorum
1413 1528 1536 1611 plenum
1549 1529 1638 1592 desti·
1715 1565 1716 1570 κ

377 1633 447 1695 navi
468 1632 501 1693 in
522 1632 579 1694 hac
605 1652 724 1712 quoque
751 1652 782 1692 re
803 1630 1114 1714 Kaibeliiexemplar
1143 1643 1273 1714 secutus,
1294 1633 1348 1695 etsi
1369 1634 1401 1693 in
1422 1641 1507 1694 tanto
1529 1633 1638 1694 maiore

375 1736 461 1816 copia
482 1734 639 1797 verborum
663 1734 734 1794 mihi
762 1732 900 1796 brevitati
928 1734 1110 1796 studendum
1137 1746 1207 1800 erat
1250 1745 1404 1816 propterea
1425 1734 1637 1815 particularum

377 1838 556 1898 minutarum
578 1856 680 1898 omnes
708 1835 791 1897 sedes
820 1836 949 1897 indicare
970 1835 1130 1916 supersedi.
1172 1838 1260 1899 immo
1282 1857 1358 1919 quae
1378 1837 1480 1918 aliqua
1500 1836 1638 1898 observa-

376 1940 456 2000 tione
483 1938 575 2019 digna
601 1938 771 2001 viderentur
795 1937 930 2012 exhibui,
953 1948 1049 2000 cetera
1071 1937 1207 2019 vulgaria
1227 1940 1259 1999 in
1281 1938 1396 2000 schedis
1418 1938 1534 2020 reliqui;
1556 1937 1638 1999 unde

377 2040 457 2103 solos
478 2061 617 2102 numeros
640 2038 821 2119 frequentiae
842 2041 969 2120 apposui
993 2040 1095 2101 addita
1115 2060 1208 2121 supra
1225 2061 1364 2102 versuum
1385 2040 1638 2121 uniuscuiusque

378 2153 481 2224 poetae
503 2162 632 2217 summa,
659 2153 693 2204 ut
708 2140 894 2222 singulorum
915 2142 1123 2223 proportiones
1139 2143 1238 2205 statim
1253 2152 1437 2224 apparerent
1479 2143 1561 2223 quod
1574 2163 1639 2205 non

377 2247 441 2308 ideo
462 2246 530 2320 feci,
553 2246 623 2327 quia
643 2266 681 2306 ex
703 2244 765 2306 istis
789 2245 1030 2326 proportionibus
1052 2246 1216 2308 secundum
1236 2265 1374 2308 arcannm
1395 2245 1638 2326 Neopythegere-

377 2370 462 2413 orum
483 2348 655 2421 doctrinam,
677 2368 767 2429 quam
789 2347 833 2409 illi
855 2348 1067 2429 stylometriam
1088 2358 1275 2429 nuncupant,
1298 2346 1477 2428 permultum
1491 2347 1562 2409 disci
1577 2370 1638 2410 cre-

376 2452 474 2514 derem
495 2450 605 2533 (neque
626 2450 700 2513 illud
730 2451 799 2512 iude
828 2452 964 2513 extricari
986 2472 1074 2533 posse
1095 2453 1211 2533 opinor,
1233 2449 1426 2532 Empedoclis
1448 2450 1576 2531 Physica
1597 2472 1637 2511 an

376 2555 528 2618 Lustralia
548 2557 647 2638 priora
668 2553 754 2634 sint),
783 2575 887 2616 verum
913 2575 976 2617 non
1005 2556 1198 2617 iniucundum
1225 2565 1270 2617 est
1292 2556 1381 2630 seire,
1402 2565 1584 2636 quantopere
1605 2555 1638 2614 in

378 2658 503 2740 singulis
525 2657 676 2740 particulis
704 2655 879 2719 adhibendis
907 2660 1000 2720 variet
1028 2679 1110 2721 usus.
1152 2659 1194 2720 sic
1221 2662 1284 2744 γάρ
1307 2657 1482 2739 particulam
1503 2656 1541 2718 ab
1563 2657 1639 2718 anti·

377 2761 528 2845 quioribua
550 2761 653 2842 poetis,
675 2759 726 2840 qui
748 2759 899 2840 propiores
922 2769 996 2822 sunt
1016 2761 1128 2822 ionicae
1141 2760 1357 2836 consuetudini,
1372 2760 1465 2822 multo
1480 2759 1572 2839 magis
1587 2758 1638 2820 ad·

378 2866 469 2928 amari
491 2862 647 2926 observavi
669 2882 757 2942 quam
779 2882 799 2922 e
819 2862 1042 2942 posterioribus.

462 2967 513 3028 sed
530 2964 601 3027 nolo
616 2965 646 3025 in
662 2963 782 3044 singula
795 2964 981 3039 descendere,
996 2985 1073 3046 quae
1088 2965 1205 3028 infinita
1219 2974 1299 3027 suut.
1336 2963 1405 3026 vela
1419 2964 1637 3026 contrahenda:

377 3079 480 3151 portus
509 3068 601 3131 adest.
644 3087 713 3148 ergo
742 3067 817 3128 nihil
846 3079 994 3148 superest,
1022 3090 1111 3150 quam
1133 3079 1167 3130 ut
1194 3068 1333 3149 Corporis
1360 3067 1565 3148 gubernatori,
1587 3068 1639 3147 qui

377 3171 448 3232 huic
473 3191 591 3252 qnoque
611 3169 695 3230 alteri
717 3171 815 3232 crustu
836 3171 899 3251 ipse
920 3171 1061 3232 interesse
1081 3170 1177 3232 voluit
1198 3169 1314 3232 adiutor
1334 3170 1525 3250 peritissimus
1546 3170 1640 3231 moni-

378 3283 481 3355 torque
502 3272 702 3346 amioissimus,
723 3271 838 3335 debitas
859 3282 958 3354 grates
979 3294 1018 3333 ex
1039 3271 1130 3333 animi
1151 3272 1208 3334 mei
1230 3273 1377 3335 sententia
1399 3272 1524 3336 solvam.

463 3459 597 3522 Berolini
620 3460 665 3523 Id.
688 3459 756 3524 Oct.
778 3460 901 3523 MOMI.

1202 3645 1418 3707 Hsamauuus
1439 3646 1551 3706 Drsrs.
