3500 5075
338 327 377 386 96
818 325 842 376 5.
861 318 1104 376 EMPEDOCLES

336 487 673 568 κειότερα1έγρότεραί]
692 487 778 560 είς
749 513 783 550 το
803 481 881 562 ύδωρ
897 511 949 564 την
968 485 1060 560 όρμην
1077 484 1212 561 ἔχειν,
1179 509 1214 546 τα
1233 488 1263 545 δὲ
1280 482 1372 553 είς’έ
1338 508 1356 544 α
1373 505 1411 588 ρα
1431 480 1590 551 [ἀναπνεῖν]

338 572 386 639 όσ’
412 576 449 639 ἀν
467 582 597 651 πυρῶδες
613 574 709 651 ἔχη
680 597 716 636 το
735 577 837 642 πλέον,
861 573 898 635 τά
916 575 947 634 δέ
963 572 1111 648 βαρύτερα
1129 571 1177 632 ἐπί
1192 568 1244 645 τὴν
1260 575 1327 645 γῆν,
1349 573 1386 629 τά
1404 570 1435 629 δέ
1452 565 1590 643 ἰσόμοιρα

337 671 383 737 τῆι
409 660 510 737 κράσει
536 668 608 722 πᾶσι
633 671 695 729 τοῖς
728 660 839 733 θώραξι
865 660 1064 733 πεφωνηκέναι
1090 665 1163 726 [τοῖς
1182 657 1303 730 χωρίοις
1324 648 1464 728 σύμφωνα
1486 650 1559 712 εἶναι
1568 653 1592 719 1]

338 752 489 808 Οτυεοιιιπ.
507 755 533 816 4,
550 755 564 804 7
592 748 628 804 Ε.
655 752 746 804 autem
773 747 877 819 ιρνερίσ
902 762 952 802 ιιιο
978 744 1132 800 camino.
1151 743 1262 798 ..tale
1282 739 1592 881 φαίδιίαιηὰοοπιλιτιταί.

301 835 573 992 δῖέόιῖόίάόί
589 831 1107 988 mmmm
1119 825 1594 984 {mmmm

338 1008 369 1062 A
386 1011 438 1073 511.
477 1006 565 1062 θοντο
582 1004 726 1059 Eumeni&
742 1011 793 1060 sat.
810 1003 844 1058 fr.
861 1007 894 1058 27
921 1000 1007 1056 Βθοίι.
1029 998 1065 1054 Ε.
1091 1002 1172 1055 παίοε
1194 998 1315 1054 λειπέτω
1341 1014 1375 1052 αα
1397 999 1471 1052 terra
1494 995 1537 1050 σίί
1561 997 1595 1049 αθ

339 1092 437 1147 blitum
449 1090 565 1158 (αλῐιυο.
574 1088 777 1159 Ρίιίίορεοοᾱ.θ
796 1084 863 1153 τοῦς
875 1082 1009 1159 πρώτους
1021 1079 1195 1157 ἀνθρώπους
1205 1080 1241 1141 ἐκ
1254 1087 1302 1155 τῆς
1313 1077 1437 1154 Ἀττικῆς
1447 1074 1594 1151 ἀναφῦναι
1622 1154 1628 1164 ι

338 1171 475 1246 καθάπερ
492 1170 528 1232 τὰ
547 1169 659 1244 λάχανα
677 1180 706 1230 et
724 1173 836 1229 Censor.
848 1172 866 1226 λ
880 1188 903 1228 ο.
915 1171 931 1239 5
945 1174 975 1224 11
987 1174 1067 1241 sqq.).

288 1307 317 1358 ιι
440 1306 481 1356 τυ.
503 1300 604 1357 Αιιιιι.
621 1301 656 1357 τι
673 1307 742 1372 μοι
759 1298 915 1356 animm.
927 1302 990 1354 648·
999 1302 1032 1352 τι
1055 1296 1102 1363 [α.
1118 1313 1146 1366 p.
1159 1301 1192 1351 ει
1209 1299 1292 1361 μιν]
1310 1289 1433 1352 ἔνιοι
1397 1315 1456 1368 γαρ
1473 1290 1510 1352 τά
1535 1287 1595 1350 ἔνυ-

338 1391 392 1461 δρα
410 1390 470 1444 τῶν
491 1388 588 1455 πεζῶν
604 1381 785 1488 θερμότεραὶ
793 1403 882 1453 φασιν
905 1376 978 1440 εἶναι
995 1376 1168 1456 λέγοντες
1146 1402 1186 1448 αις
1202 1374 1382 1439 έπανισοῑ
1356 1400 1407 1452 την
1425 1373 1593 1450 ψυχρότητα

339 1477 391 1530 τοῦ
408 1467 503 1529 τόπου
519 1466 535 1544 ἢ
553 1475 603 1542 τῆς
619 1469 733 1544 φύσεως
750 1462 846 1527 αὐτῶν
864 1463 1011 1540 θερμότης
1027 1469 1076 1524 καί
1093 1464 1129 1526 τά
1149 1462 1258 1536 ἄναιμα
1275 1469 1335 1524 τῶν
1351 1462 1479 1534 ἐναίμων
1495 1467 1545 1520 καί
1557 1458 1593 1521 τόι

339 1555 429 1630 θηλεα
451 1557 513 1615 τῶν
530 1549 676 1629 ἀρρένων,
700 1549 766 1613 οίον
783 1555 963 1627 Παρμενίδης
979 1549 1032 1619 τάς
1048 1561 1187 1626 γυναῖκας
1203 1555 1263 1610 τῶν
1279 1543 1394 1623 ἀνδρῶν
1411 1550 1595 1623 θερμοτέρας

342 1637 417 1700 είναί
439 1661 507 1714 φησι
528 1643 578 1698 καί
600 1635 698 1713 έτεροί
719 1659 809 1708 τινες,
832 1632 873 1706 ώς
890 1637 935 1696 διά
953 1657 1006 1708 την
1022 1633 1189 1711 θερμότητα
1206 1640 1256 1695 καί
1273 1630 1502 1704 πολυαιμσόσαις
1518 1653 1596 1705 γινο·

290 1733 319 1784 16
338 1726 435 1798 μένων
451 1729 511 1783 τών
528 1728 705 1798 γυναικείων,
728 1716 764 1781 Ἐ
782 1725 813 1782 δὲ
830 1718 1009 1782 τούναντίον.
1038 1723 1140 1780 Am.
1152 1724 1188 1779 do
1205 1738 1276 1793 resp.
1289 1726 1330 1777 14.
1343 1726 1405 1778 477·
1414 1725 1448 1776 62
1465 1711 1502 1778 Ἐ.
1520 1712 1547 1778 δ’
1561 1714 1596 1779 σύ

338 1816 435 1878 καλῶς
452 1815 521 1870 τοῦτ
525 1804 647 1914 ἐἴρηκε
661 1807 784 1880 φάσκων
800 1803 836 1866 τὰ
849 1804 1020 1882 θερμότατα
1031 1812 1080 1867 καί
1092 1812 1149 1881 πῦρ
1163 1803 1267 1880 ἔχοντα
1279 1812 1416 1864 πλεῖστον
1428 1809 1488 1864 τῶν
1499 1801 1596 1875 ζώιων

340 1891 441 1967 ἔνυδρα
460 1890 533 1952 εἶναι
550 1895 696 1968 φεύγοντα
712 1892 766 1964 τὴν
783 1887 949 1967 ὑπερβαίην
964 1897 1014 1966 τῆς
1025 1891 1103 1951 ἐν’
1069 1914 1113 1967 τηι
1125 1889 1207 1965 φύσει
1220 1890 1411 1966 θερμότητος.
1440 1891 1595 1947 Tuom

340 1997 413 2036 caus.
429 1980 555 2052 p1.121,
572 1984 587 2034 6
610 1969 710 2052 ώσπερ
732 1982 782 2036 καί
803 1972 838 2036 Ἐ.
861 1979 937 2050 λέγει
957 1982 1100 2051 περὶτῶν
1116 1975 1222 2049 ζώιων’
1246 1977 1282 2036 τά
1299 1976 1357 2050 γάρ
1373 1971 1526 2048 ῦπέρπυρα
1543 1974 1597 2049 την

340 2055 426 2137 φύσιν
443 2060 525 2136 ἀγειν
542 2063 582 2130 είς
600 2060 635 2121 τὸ
655 2058 746 2136 ύγρόν
763 2062 807 2128 [cf.
819 2067 861 2130 22,
873 2067 908 2128 2].

289 2199 319 2250 20
443 2196 485 2247 74.
502 2188 829 2257 Am.1v22,1[1).4111
851 2181 887 2246 Ἐ.
910 2187 963 2260 τήν
984 2187 1102 2263 πρώτην
1123 2183 1274 2264 ἀναπνοὴν
1297 2193 1350 2248 τοῦ
1371 2187 1491 2261 πρώτου
1507 2191 1598 2262 ζώιου

342 2279 389 2340 [se.
406 2275 435 2330 in
458 2275 638 2346 cosmogonia
660 2275 695 2332 σί.
713 2276 776 2341 V'l,
791 2279 814 2340 1]
837 2274 975 2348 γενέσθαι
997 2279 1047 2346 τῆς
1068 2276 1155 2346 (μὲν)
1172 2273 1205 2333 έν
1221 2285 1283 2342 τοῖς
1298 2275 1439 2349 βρέφεσιν
1455 2269 1597 2348 ῦγρασίας

342 2355 530 2433 ἀποχώρησιν
551 2361 768 2433 λαμβανούσης,
789 2357 867 2434 πρός
888 2361 918 2418 δέ
940 2358 976 2417 τό
1001 2361 1211 2434 παρακενωθὲν
1231 2357 1385 2418 ἐπεισόδου
1402 2364 1461 2434 [τῆς
1477 2357 1596 2429 ἔξωθεν]

342 2450 396 2504 τοῦ
412 2440 498 2512 ἐκτὸς
515 2440 661 2516 ἀερώδους
677 2443 826 2518 γινομένης
844 2445 885 2511 εἰς
901 2440 937 2504 τά
955 2445 1190 2518 παρανοιχθέντα
1207 2450 1267 2504 τῶν
1278 2440 1417 2518 ἀγγείων·
1435 2442 1470 2505 τὸ
1483 2448 1513 2506 δὲ
1523 2444 1597 2518 μετά

342 2536 431 2590 τοῦτο
449 2529 500 2605 ἤδη
518 2533 570 2589 τοῦ
587 2526 715 2602 έμφύτου
731 2533 845 2604 θερμοῦ
861 2536 907 2603 τῆι
923 2528 1000 2603 πρός
1010 2527 1046 2590 τὸ
1058 2529 1143 2600 ἐκτὸς
1156 2525 1241 2605 όρμῆι
1253 2527 1289 2589 τὸ
1302 2529 1430 2605 ἀερῶδες
1440 2527 1598 2593 ὑπαναθλί-

291 2625 321 2676 25
340 2622 448 2691 βσντσς
465 2614 519 2687 τὴν
534 2614 674 2686 έκπνοὴν,
696 2620 741 2687 τῆι
760 2609 788 2672 δ’
807 2616 847 2683 είς
863 2616 899 2673 τό
922 2613 1005 2684 ἐντὸς
1023 2613 1118 2684 [έκτὸς
1133 2617 1209 2673 libri:
1232 2634 1300 2673 οοιτ.
1315 2617 1508 2685 Bemmdakis]
1527 2613 1598 2679 ἀνθ·

341 2697 523 2775 οποχωρὴσει
547 2704 599 2759 τῶι
621 2695 742 2773 ἀερώδει
764 2697 816 2773 τὴν
838 2696 1045 2760 ἀντεπείσοδον
1061 2702 1264 2774 παρεχομένου
1289 2698 1342 2772 τὴν
1366 2701 1512 2777 εἰσπνοήν.
1546 2703 1598 2777 τὴν

343 2788 372 2845 δὲ
394 2790 445 2845 νῦν
465 2786 648 2862 κατέχουσαν
669 2786 833 2859 φερομένου
854 2790 908 2844 τοῦ
929 2782 1051 2856 αἳματος
1073 2781 1113 2854 ῶς
1135 2785 1212 2860 πρός
1234 2786 1287 2861 τὴν
1307 2785 1478 2858 ἐπιφάνειαν
1493 2794 1542 2846 καὶ
1560 2789 1595 2849 τό

343 2864 468 2940 ἀερῶδες
485 2867 530 2929 διὰ
549 2875 608 2929 τῶν
625 2870 714 2943 ῥινῶν
730 2880 795 2939 ταῖς
812 2872 916 2929 ἑαυτοῦ
932 2868 1093 2945 έπιρροίαις
1109 2862 1327 2944 ἀναθλίβοντος
1346 2870 1423 2930 κατὰ
1441 2870 1494 2945 τὴν
1509 2871 1598 2947 ἐκχώ-

344 2975 425 3031 ρησιν
448 2950 537 3015 αύτσῦ
554 2959 686 3030 γίνεσθαι
704 2951 756 3027 τὴν
772 2953 906 3027 ἐκπνοήν,
923 2959 1187 3027 παλινδρομοῦντος
1204 2956 1235 3015 δέ
1251 2960 1300 3014 καὶ
1317 2960 1371 3015 τοῦ
1388 2950 1476 3029 ἀέρος
1493 2952 1597 3017 ἀντεπ·

292 3049 322 3100 66
343 3039 485 3109 εισιόντος
502 3041 542 3108 είς
563 3039 599 3098 τά
619 3038 663 3099 διά
684 3046 736 3098 τοῦ
759 3036 880 3111 αἳματος
897 3034 1069 3115 ἀραιώματα
1086 3036 1139 3111 τὴν
1161 3038 1311 3115 εἰσπνοήν·
1328 3036 1546 3114 ῦπομιμνὴισκει
1567 3045 1598 3103 δέ

344 3122 379 3181 τό
397 3122 445 3182 ἐπὶ
461 3128 513 3197 τῆς
529 3123 691 3198 κλεψύδρας
708 3125 867 3192 [fr.100,9].
895 3125 970 3182 idem
981 3126 1071 3181 minus
1088 3132 1163 3183 moto
1174 3129 1302 3197 exposuit
1318 3128 1421 3194 V15,³
1439 3128 1563 3196 [114251.

446 3254 488 3305 75.
510 3250 585 3306 Am.
597 3252 676 3319 Vls,
691 3252 768 3318 111).
780 3256 841 3317 427]
863 3244 900 3309 Ἐ.
924 3242 976 3311 ότε
992 3248 1178 3323 ἐγεννᾶτο
1148 3272 1184 3310 το
1201 3258 1261 3310 τῶν
1277 3247 1445 3327 ἀνθρώπων
1462 3257 1548 3328 γένος
1563 3254 1598 3314 ἐκ

344 3339 394 3406 τῆς
417 3356 481 3408 γης,
504 3333 647 3409 τοσαύτην
668 3338 804 3410 γενέσθαι
825 3342 878 3394 τῶι
899 3337 983 3410 μήκει
1005 3342 1059 3395 τοῦ
1079 3334 1191 3411 χρόνου
1212 3336 1258 3398 διὰ
1276 3335 1311 3397 τὸ
1330 3344 1526 3414 βραδυπορεῖν
1543 3340 1598 3398 τόν

344 3410 425 3493 ἥλιον
446 3440 497 3494 την
519 3414 642 3493 ημέραν,
666 3418 761 3494 ὁπόση
784 3426 835 3481 νῦν
855 3418 972 3480 ἐστινι
957 3444 974 3495 η
992 3418 1162 3495 δεκαμηνος
1183 3420 1343 3496 προϊόντος
1361 3424 1391 3482 δέ
1409 3428 1461 3482 τοῦ
1475 3422 1596 3498 χρόνου,

293 3516 323 3568 66
344 3504 487 3608 τοσαύτην
504 3506 640 3579 γενέσθαι
657 3502 709 3579 τὴν
726 3502 847 3581 ημέραν,
872 3503 969 3582 ὁπόση
986 3513 1036 3566 νῦν
1053 3503 1159 3566 έστιν“
1147 3531 1164 3580 η
1182 3505 1357 3581 ἑπτάμηνος·
1379 3509 1424 3567 διὰ
1442 3514 1529 3568 τοῦτο
1547 3514 1597 3567 καί

345 3587 382 3650 τά
404 3587 548 3663 δεκάμηνα
569 3596 618 3649 καί
640 3612 676 3650 τα
667 3589 856 3665 ἑπτάμηνα,
878 3614 928 3665 της
944 3590 1057 3664 φύσεως
1074 3597 1127 3650 τοῦ
1143 3588 1258 3663 κόσμου
1274 3614 1352 3651 ουτοι
1368 3596 1598 3667 μεμελετηκυίας,

345 3671 483 3743 αύξεσθαι
503 3674 537 3733 ἐν
556 3680 619 3747 μιᾶι
640 3672 743 3748 ἦμέραι
765 3668 792 3750 ἧι
816 3681 928 3737 τίθεται
950 3681 1029 3735 νυκτὶ
1046 3680 1183 3743 [τίκτεται
1199 3681 1259 3734 νυνί
1278 3678 1405 3744 0444an
1428 3676 1463 3737 τό
1485 3680 1598 3753 βρέφος

346 3758 419 3826 [hino
429 3760 520 3816 Tzetz.
532 3776 610 3832 στας,
622 3762 654 3818 ΙΙ.
665 3778 693 3832 p.
705 3768 747 3831 42,
759 3767 810 3830 17].

447 3874 489 3924 76.
507 3870 603 3926 Ριιτυ
611 3872 724 3930 Ρλοοᾱο
734 3874 826 3929 66ΑΒ
843 3874 979 3939 (Socrates
991 3872 1122 3943 loquitur)
1139 3868 1248 3944 ἐγώ
1214 3891 1280 3944 γαρ,
1298 3862 1400 3944 ἔφη’
1373 3893 1398 3928 ω
1412 3872 1514 3945 Κέβης,
1533 3874 1599 3941 νέος

294 3966 324 4017 40
345 3948 389 4010 ών
405 3949 619 4024 θαυμαστῶς
598 3976 638 4023 ως
654 3954 821 4060 ἐπεθύμησα
838 3954 942 4031 ταύτης
959 3979 1009 4029 της
1027 3950 1177 4029 σοφίας,“
1160 3976 1195 4030 ην
1212 3951 1244 4027 δη
1261 3961 1382 4015 καλοῦσι
1400 3962 1467 4027 περὶ
1483 3955 1598 4028 φύσεως

345 4033 530 4109 ίστορίαν.ι
516 4040 702 4114 υπερηφανος
718 4042 776 4117 γάρ
791 4063 843 4113 μοι
860 4038 954 4101 ἐδόκει
972 4038 1045 4101 είναι
1061 4039 1215 4100 είδέναι
1182 4062 1234 4109 τας
1251 4040 1346 4109 αἰτίας
1363 4041 1489 4101 έκάστον
1506 4042 1551 4103 διά
1570 4047 1599 4102 τί

345 4125 473 4197 γίγνεται
490 4120 681 4184 ἕκαστονκαὶ
698 4124 743 4185 διά
760 4129 790 4185 τί
806 4122 967 4185 ἀπόλλυται
984 4132 1033 4186 καί
1050 4124 1095 4187 διά
1108 4130 1137 4185 τί
1148 4126 1233 4186 έστιν.
1261 4129 1312 4184 καί
1323 4124 1461 4195 πολλάκις
1472 4123 1599 4199 ἐμαυτόν

346 4205 408 4267 ανω
425 4228 505 4267 κατω
523 4229 577 4279 μετ
579 4209 701 4282 βαίλον
718 4232 837 4269 σκοπῶν
854 4231 974 4284 πρωτον
990 4233 1026 4271 τα
1044 4212 1155 4271 τοιαδε
1174 4202 1213 4284 ἀρ
1216 4208 1598 4316 ’έπειδάιντὸθερμόν

346 4297 405 4350 καί
428 4289 567 4367 ψυχρόν
589 4290 708 4369 [ῦγρόν
725 4296 871 4368 Sprongel,
894 4303 924 4353 at
940 4297 975 4353 ef.
986 4297 1060 4354 Dox.
1073 4302 1132 4365 564,
1145 4303 1171 4363 θ]
1189 4294 1367 4370 σηπεδόνα
1384 4295 1462 4358 τινὰ
1480 4295 1599 4373 λάβηι,

295 4392 325 4441 45
347 4368 393 4443 ώς
414 4397 509 4445 τινες
532 4380 734 4449 {Empedoclem
757 4380 922 4448 Archelaus]
945 4377 1082 4455 έλεγον,
1105 4379 1188 4440 τότε
1211 4383 1250 4454 δὴ
1274 4382 1314 4441 τά
1338 4387 1427 4453 ζῶια
1453 4383 1599 4457 συντρέ-

348 4480 464 4534 φεται;
498 4467 557 4521 καί
579 4461 737 4539 πότερον
759 4462 798 4523 τὸ
823 4460 909 4536 αίμά
930 4457 1068 4524 ἐστιν
1045 4489 1085 4524 ιυι
1102 4472 1310 4540 φρονοῦμεν
1327 4463 1563 4539 ΙΕωροᾱοοίοο]“
1545 4491 1562 4540 η
1580 4488 1598 4527 ο
