3500 5075
321 296 322 299 ἐ
382 335 483 392 τιον.
501 334 634 393 noem.
655 340 763 391 19-25.
799 334 936 392 mou.
954 334 1093 392 scm
1113 340 1136 390 1.
1154 340 1179 390 2.
1365 334 1405 394 ιτ

148 501 283 577 ύμνοῦοι,·
304 508 404 563 Γνῶθι
421 501 531 564 σαυτόν
546 510 596 563 καί
615 506 711 579 Μηδὲν
727 502 811 578 όγαν.
845 510 899 564 τοῦ
915 500 947 577 δίη
965 500 1050 564 ἕνεκα
1068 509 1158 563 ταῦτα
1176 506 1250 578 λέγω
1256 533 1267 576 ,·
1291 496 1338 565 ότι
1357 497 1407 565 ού·

149 610 201 658 τος
219 584 236 649 ό
254 587 367 665 τρόπος
382 580 418 662 ἢν
434 594 494 648 τοῖν
510 594 642 649 παλαιάν
658 591 710 662 τῆς
727 592 911 663 φιλοσοφίας,
927 590 1106 663 βραχυλογία
1123 610 1165 656 τις
1182 587 1348 665 Λακωνική.

254 747 296 799 25.
313 743 394 827 Spu.
410 742 472 800 flor.
491 748 514 810 1,
528 748 576 801 172
595 744 687 800 Hense
706 744 869 817 Δημητρίου
885 743 1041 817 Φαληρέως
1057 745 1117 801 τῶν
1128 738 1199 801 ἑπτά
1218 749 1321 817 σοφῶν
1332 738 1407 805 άπο-

149 830 313 903 φθέγματα.
331 834 354 888 δ.
368 832 399 887 Θ.
408 824 546 900 Ἐξαμύου
559 827 699 901 Μιλήσιος
711 824 776 902 ἔφη·
808 833 831 883 1.
848 824 946 900 ἐγγύα,
957 824 1038 898 πάρα
1050 821 1078 885 δ’
1090 824 1157 887 άτα.
1186 833 1212 884 2.
1229 828 1322 901 φίλων
1333 849 1407 904 παρ·

150 912 248 973 όντων
268 918 318 971 καί
334 905 472 972 άπόντων
495 914 623 986 μέμνησο
643 914 741 981 [Luem
758 914 839 983 69η.
875 918 901 969 θ.
917 910 956 985 μὴ
973 910 1026 986 τὴν
1043 911 1114 986 όψιν
1130 916 1323 985 καλλωπίζου,
1340 909 1407 973 ἄλλ’

149 998 183 1057 ἐν
199 1008 262 1067 τοῖς
278 995 495 1073 ἐπιτηδεύμασιν
512 996 573 1057 ἴσθι
589 999 680 1067 καλός
698 998 794 1067 [ibid.].
824 1004 849 1054 4.
866 994 904 1070 μὴ
929 996 1047 1057 πλούτει
1063 1002 1168 1065 κακῶς.
1198 1004 1222 1054 6.
1239 994 1278 1073 μή
1296 1017 1331 1057 σε
1347 1004 1405 1057 δια·

149 1086 282 1157 βαλλέτω
299 1080 387 1157 λόγος
403 1078 479 1156 πρὸς
500 1084 569 1150 τούς
586 1086 711 1150 πίστεως
733 1079 981 1157 κεκοινωνηκότας
1000 1088 1064 1149 [66
1082 1084 1226 1155 ooniungit
1241 1084 1331 1140 Ιιοοτί.
1348 1084 1407 1153 ib.].

150 1174 176 1225 6.
194 1163 359 1227 κολακεύειν
370 1178 466 1243 γονεῖς
481 1166 519 1241 μὴ
539 1166 625 1227 όκνει.
661 1175 686 1223 1.
702 1164 743 1241 μὴ
761 1170 924 1243 προσδέχου
940 1165 975 1226 τὸ
989 1173 1102 1239 φαῦλον
1118 1168 1242 1242 [πατρός
1257 1172 1408 1243 λοιδορίαν

149 1249 191 1326 μὴ
217 1254 391 1325 προσδέχου·
417 1257 529 1327 φαῦλον
554 1254 611 1327 γάρ
638 1270 731 1326 gnom.
749 1252 925 1311 Boissonadii
943 1254 1004 1309 οοδ.
1021 1254 1083 1309 Par.
1101 1256 1187 1319 16301.
1221 1259 1246 1310 8.
1265 1251 1345 1323 οἵους
1369 1251 1409 1314 σίν

150 1334 274 1409 ἐράνους
289 1337 415 1411 ἐνέγκηις
432 1347 494 1405 τοῖς
505 1344 628 1411 γονεῦσι,
645 1335 796 1405 τοιούτους
807 1334 897 1405 αύτός
913 1337 945 1395 ἐν
961 1342 1004 1413 τῷ
1020 1330 1105 1412 γήραι
1123 1335 1202 1413 παρὰ
1221 1343 1281 1397 των
1298 1340 1408 1397 τέκνοιν

150 1424 315 1497 προσδέχου
324 1419 607 1492 [οἵους-τοιούτους
615 1424 762 1491 Maximum
773 1420 1018 1491 οἵους-τούτους
1026 1424 1117 1481 Stob.:
1131 1418 1293 1492 οὓς-τούς
1301 1418 1406 1490 αύτούς

149 1510 251 1575 hert,
267 1509 353 1565 Ριιείε.
372 1508 542 1582 είσενέγκηις
558 1510 657 1575 Ιιεοτι,
683 1508 770 1565 Paris.
786 1516 905 1565 ceterum
928 1516 971 1565 est
994 1509 1049 1565 θοι
1065 1508 1295 1565 Βοιυοιιθιοαίοαο
1312 1508 1347 1565 οἱ.
1365 1513 1408 1575 21,

151 1593 324 1663 101-1841.
359 1598 384 1649 9.
399 1590 531 1666 χαλεπόν
556 1591 592 1651 τό
619 1593 724 1653 ἑαυτόν
750 1598 857 1668 γνῶναι
877 1593 921 1659 [τό
948 1585 1089 1660 εύθίο6.;
1107 1593 1195 1649 96110.
1209 1597 1275 1648 112ι
1302 1590 1407 1652 ἑαυτὸν

152 1676 231 1733 stob.
243 1677 354 1743 (Bm),
370 1677 469 1747 Pan'u
488 1678 522 1735 οί.
540 1680 630 1735 Laert.
642 1680 658 1748 §
671 1682 723 1747 96].
760 1683 799 1734 10.
817 1668 934 1751 ἥδιστον
952 1668 986 1736 ού
1003 1676 1150 1748 ἐπιθυμεῖς
1161 1686 1256 1749 τυχεῖν
1273 1669 1407 1745 [οὗέπιθ.

149 1762 251 1829 Parim
269 1767 323 1821 τοῦ
334 1760 487 1833 ἐπιθυμίας
504 1763 660 1830 stob.A¹1;
679 1772 710 1819 ut
722 1769 736 1819 1
749 1772 778 1819 et
789 1767 806 1818 9
824 1780 859 1819 ex
869 1762 965 1836 Pythii
981 1764 1083 1835 templi,
1100 1764 1141 1819 ιίο
1154 1767 1185 1818 10
1196 1778 1232 1819 ox
1243 1762 1317 1819 Delii
1328 1763 1408 1820 Letoi

150 1848 291 1904 vestibulo
309 1848 441 1904 translata
457 1848 502 1913 (ef.
520 1850 568 1903 Ar.
585 1848 649 1903 Eth.
667 1848 725 1905 Nic.
737 1849 816 1904 1099b
834 1853 877 1904 27.
894 1849 1127 1904 Eudem.1214·5.
1144 1846 1268 1919 Theogn.
1280 1851 1339 1904 266.
1357 1848 1408 1905 St»

149 1931 242 2003 phud.
260 1931 609 2003 ap.st0b.ss0r.10³‚15›.
640 1937 749 1988 ιι-ιε.
767 1926 891 2003 ἀνιαρὸν
901 1928 998 2005 ἅρμα,
1015 1928 1166 2007 μιαμιρὸι
1176 1926 1314 2004 ἀκρασία,
1330 1932 1408 2007 papi>

149 2011 329 2075 άπαιδευσία.
368 2022 408 2073 14.
426 2016 538 2077 δίδασκε
556 2022 604 2075 καὶ
617 2014 749 2088 μάνθανε
766 2013 802 2075 τό
821 2014 949 2088 άμεινον.
986 2023 1026 2073 16.
1044 2012 1136 2092 άργὸς
1152 2013 1190 2090 μὴ
1208 2014 1269 2075 ίσθι
1285 2010 1352 2091 μηδ’
1370 2015 1408 2077 άν

149 2106 295 2175 πλοντῆις.
323 2107 362 2159 16.
379 2097 456 2164 κακὰ
473 2101 505 2159 έν
523 2101 606 2161 οίιιωι
618 2098 727 2176 κρύπτε
744 2098 792 2173 [τά
810 2100 886 2160 καλά
898 2102 985 2159 Paris.
999 2107 1083 2169 16301.
1111 2108 1153 2158 16.
1170 2107 1408 2174 φθονοῦμάλλον

148 2184 169 2259 ἢ
187 2187 318 2261 οίκτίρου
335 2184 463 2261 [φθόνου
475 2185 562 2261 χάριν
577 2184 616 2258 μά
635 2187 781 2261 ούιτείρου
792 2186 885 2243 stob.:
902 2189 1008 2243 oonexi
1026 2188 1058 2243 τί.
1071 2187 1152 2242 Pina
1169 2188 1228 2243 Ρ.Ι
1245 2192 1286 2243 86.
1303 2189 1408 2245 Herod.

149 2276 176 2338 θ,
188 2277 240 2339 62].
278 2276 317 2328 18.
334 2274 441 2347 μέτρωι
460 2277 532 2347 χρῶ.
569 2277 610 2328 19.
627 2268 667 2345 μη“
685 2276 754 2330 πᾶσι
775 2271 900 2329 πίστευε.
934 2276 976 2327 20.
994 2270 1094 2346 άρχων
1113 2268 1218 2341 κόσμει
1238 2269 1370 2330 σεαυτόν.

666 2551 898 2561 -.-ι--

309 2941 344 3005 Β.
365 2939 582 3004 THALms
604 2937 725 3020 QUAE
748 2939 1042 3005 mmmm
1063 2939 1250 3004 scum.

532 3111 556 3161 1.
574 3109 754 3164 νιννιιιιι
769 3077 1022 3165 mmm

253 3277 338 3334 D1oo.
347 3277 362 3332 1
372 3280 405 3332 29
418 3275 462 3343 [οἱ.
471 3293 553 3347 supra
562 3292 590 3346 ρ.
599 3280 624 3342 θ,
636 3281 676 3342 lll
688 3276 763 3335 κατά
773 3297 852 3344 τινας
861 3277 917 3347 μέν
928 3274 1100 3350 σύγγραμμα
1112 3277 1265 3336 κατέλιπεν
1275 3271 1371 3336 ούδέν·
1388 3269 1405 3349 ἦ

149 3363 208 3441 γάρ
225 3365 267 3432 είς
278 3357 368 3422 αύτὸν
384 3357 587 3435 ἀναφερομένη
604 3357 754 3434 Ναυτικὴ
773 3355 998 3435 άστρολογία
1011 3359 1118 3421 Φώκου
1134 3363 1247 3435 λέγεται
1264 3358 1337 3420 εἶναι
1354 3365 1408 3420 τοῦ

150 3453 273 3521 Σαμίου.
309 3449 496 3520 Καλλίμαχος
512 3438 539 3504 δ’
558 3439 647 3504 αύτὸν
659 3442 735 3504 οίδεν
751 3441 869 3518 εύρετην
886 3451 937 3519 τῆς
948 3445 1059 3521 άρκτον
1077 3450 1126 3521 τῆς
1142 3452 1248 3521 μικράς
1263 3447 1357 3519 λέγων
1373 3444 1406 3503 ἐν

149 3545 214 3603 τοῖς
229 3527 354 3607 Ἰάμβοις
370 3523 474 3599 ούτως·
489 3525 554 3588 ικαί
572 3535 622 3602 τῆς
639 3524 747 3604 ἁμάξης
763 3529 878 3605 ἐλέγετο
891 3525 1115 3606 σταθμήσασθαι
1132 3527 1200 3597 τοὺς
1216 3525 1407 3605 άστερίσκους

148 3611 178 3694 ἧι
196 3619 316 3678 πλέουσι
334 3609 482 3684 Φοίνικεά.
517 3616 617 3673 Sum„
634 3616 714 3689 phys⁴
726 3621 768 3684 23,
780 3621 813 3673 29
833 3620 864 3675 Θ.
884 3617 914 3675 δέ
931 3622 1049 3687 πρῶτος
1060 3617 1254 3691 παραδέδοται
1269 3611 1322 3689 τὴν
1339 3619 1406 3685 περὶ

148 3703 265 3780 φύσεως
281 3704 415 3778 ίοτορίαν
431 3692 635 3774 τοῑςἝλληοιν
651 3699 781 3773 ἐκφῆναι,
798 3705 916 3759 πολλῶν
931 3702 986 3771 μέν
1002 3706 1051 3760 καί
1063 3699 1159 3760 άίλων
1170 3697 1406 3774 προγεγονότων,

148 3785 191 3858 ὥς
207 3795 257 3848 καί
274 3793 329 3848 τοίι
346 3783 536 3861 Θεοφράστωι
554 3785 647 3859 [Phys.
660 3785 725 3842 dox.
739 3791 762 3852 1,
779 3787 888 3852 12475]
906 3791 993 3853 δοκεῖ,
1011 3780 1099 3853 αύτὸς
1115 3786 1146 3843 δέ
1163 3781 1237 3844 πολύ
1255 3780 1407 3858 διενεγκὼν

148 3875 271 3936 ἐκείνων
288 3868 329 3942 ὥς
345 3866 514 3945 άποκρύψαι
532 3869 644 3938 πάντας
661 3871 729 3939 τούς
745 3869 803 3944 πρὸ
823 3865 921 3930 αύτοῦ.
956 3871 1070 3944 λέγεται
1088 3871 1118 3929 δέ
1134 3868 1168 3927 ἐν
1179 3879 1304 3943 γραφαῖς
1320 3870 1407 3940 μηδέν

148 3965 318 4020 καταλιπεῖν
327 3953 400 4029 πλὴν
411 3957 643 4030 τῆςκαλοομένης
656 3960 831 4028 Ναοτικῆς
842 3950 1092 4030 άστρολογίας.
1114 3954 1195 4010 Sum.
1207 3954 1252 4020 [οἱ.
1260 3971 1288 4026 p.
1299 3959 1331 4010 12
1343 3972 1371 4010 n.
1380 3959 1405 4022 2]

149 4043 263 4120 ἔγραψε
274 4047 340 4117 περὶ
351 4038 508 4116 μετειόρων
518 4039 551 4099 ἐν
562 4037 650 4100 έπεσι.
674 4041 746 4097 ΡΙοί.
759 4041 840 4112 Pyth.
851 4058 892 4098 or.
908 4045 946 4097 18.
958 4041 1043 4097 4021]
1061 4037 1208 4113 πρότερον
1218 4039 1272 4109 μέν
1283 4038 1316 4098 ἐν
1327 4036 1407 4113 ποιὴ·

147 4152 238 4203 μασιν
254 4129 392 4202 ἐξέφερον
410 4125 438 4185 oz
454 4127 612 4198 φιλόσοφοι
629 4125 665 4184 τὰ
684 4121 816 4198 δόγματα
833 4129 882 4182 καί
899 4123 968 4192 τούς
987 4122 1093 4198 λόγους
1110 4115 1210 4198 όύσπερ
1228 4117 1342 4198 Ὀρφεύς
1357 4130 1407 4183 καί

143 4209 275 4278 Ἡσίοδος
291 4217 340 4270 καί
352 4213 531 4286 Παρμενίδης
547 4213 599 4268 καί
609 4208 778 4284 Ξενοφάνης
794 4213 843 4267 καὶ
859 4204 1049 4284 Ἐμπεδοκλῆς
1066 4214 1125 4276 [καὶ
1144 4214 1256 4284 Θαλῆςλ
1274 4251 1323 4268 ...
1343 4204 1408 4268 ούδίι

148 4291 347 4371 άστρολογίαν
358 4291 535 4370 όδοξοτέραν
551 4295 692 4368 ἐποίησαν
710 4293 738 4352 οί
753 4299 819 4368 περὶ
831 4288 1016 4368 Ἀρίσταρχον
1032 4299 1081 4352 καί
1096 4291 1256 4368 Τιμόχαριν
1271 4299 1321 4352 καί
1337 4288 1407 4368 Ἀρί-

149 4387 273 4440 στυλλον
290 4385 340 4438 καί
349 4371 511 4455 Ἵππαρχον
528 4376 730 4453 καταλογάδην
741 4377 915 4450 γράφοντες,
931 4376 964 4436 ἐν
979 4381 1097 4450 μέτροις
1113 4375 1260 4453 πρότερον
1279 4373 1408 4447 Εύδόξου

147 4471 198 4523 καὶ
210 4461 345 4523 Ἠσιόδου
360 4470 409 4523 καὶ
422 4469 519 4524 Θαλοῦ
535 4461 719 4539 γραφόντων,
738 4461 769 4522 εί
780 4484 814 4538 γε
834 4467 867 4522 Θ.
885 4463 1022 4536 ἐποίησεν
1038 4459 1078 4530 ὣς
1096 4458 1212 4536 άληθῶς
1228 4465 1282 4537 τὴν
1299 4465 1340 4530 είς
1357 4459 1405 4522 αύ-

201 4559 491 4616 ῠ1τ1ι,Ροο6τορίιλίοτ.
1186 4553 1201 4603 2
