3500 5075
441 314 479 369 A.
496 314 597 370 TEST.
615 314 733 371 VITAE
752 319 765 369 1
781 312 894 380 ,11)106.
911 314 979 370 VIII
998 319 1118 382 65-70).
1370 316 1411 376 79

155 484 375 568 αἰκιζομένου,
398 490 606 575 ἀντέστησαν
632 490 737 552 αὐτοῦ
758 497 813 574 τῆι
838 486 996 553 καθόδωι
1022 492 1056 553 ol
1077 498 1145 553 τῶν
1167 492 1301 576 ἐχθρῶν
1324 493 1411 558 ἀπό-

155 606 263 674 γονοι·
281 588 402 679 διόπερ
419 595 469 669 είς
482 590 748 677 Πελοπόννησον
764 592 993 678 ἀποχωρήσας
1008 590 1230 677 ἐτελεύτησεν.
1267 596 1307 656 οὐ
1322 615 1411 679 παρ-

154 702 212 779 ῆκε
236 682 268 757 δ’
295 690 372 757 οὐδέ
394 701 514 759 τοῦτον
537 696 555 756 ό
581 696 707 773 Τίμων,
730 685 807 756 ἀλλ’
837 686 897 757 ὧδ’
924 696 1029 758 αὐτοῦ
1048 695 1268 759 καθάπτεται
1289 693 1409 777 λέγων·

135 787 228 859 Ῑκαί
245 786 473 882 Ἐμπεδοκλῆς
484 785 657 860 -άλλωά
686 790 734 880 [fr.
747 797 790 858 49
802 790 875 880 W.].

116 912 132 961 5
240 900 322 984 περί
345 896 381 961 δέ
403 906 466 962 τοό
479 900 631 962 θανάτου
649 895 818 984 διάφορός
832 900 925 962 ἐστιν
941 900 1046 961 αὐτοῦ
1058 896 1173 981 λόγος·
1193 890 1410 986 Ἡρακλείδης

154 993 203 1083 [fr.
221 1003 261 1064 76
283 994 377 1083 voss]
400 1002 462 1079 μὲν
483 1002 546 1085 γάρ
569 1002 610 1063 τά
634 1002 796 1086 περὶτῆς
819 1002 929 1063 ἀπνου
953 996 1208 1084 διηγησάμενος,
1231 1004 1278 1077 ὡς
1292 998 1409 1079 ἐδοξά-

154 1104 225 1187 σθη
243 1094 469 1189 Ἐμπεδοκλῆς
495 1100 705 1179 ἀποστείλας
726 1105 786 1189 τὴν
808 1103 926 1188 νεκράν
948 1103 1137 1186 ἀνθρωπον
1159 1097 1279 1180 ζῶσαν,
1304 1105 1408 1189 φησίν

154 1208 208 1269 ότι
230 1207 358 1268 θυσίαν
382 1202 549 1268 συνετέλει
572 1206 660 1290 πρός
677 1212 740 1268 τῶι
754 1208 1004 1279 Πεισιάνακτος
1019 1204 1135 1289 ἀγρῶι.
1175 1203 1407 1289 συνεκέκληντο

153 1304 190 1370 δὲ
213 1314 280 1371 τῶν
303 1304 414 1393 φίλων
436 1302 538 1385 τινές,
561 1310 597 1371 ἐν
620 1308 673 1383 οἷς
694 1310 751 1371 καί
772 1309 983 1382 Παυσανίας.
1071 1305 1145 1371 εἶτα
1166 1308 1250 1386 μετά
1273 1309 1333 1393 τῆν
1356 1309 1459 1372 εδ·68

44 1462 49 1468 .
102 1417 131 1469 10
153 1412 258 1489 ωχέαν
287 1412 321 1473 οί
350 1412 411 1489 μὲν
441 1408 541 1475 ἄλλοι
566 1406 800 1495 χωρισθέντες
828 1411 1053 1488 ἀνεπαύοντο,
1088 1412 1122 1475 ol
1147 1411 1208 1488 μὲν
1235 1411 1305 1471 ὑπό
1333 1414 1408 1484 τοῖς

155 1507 311 1596 δένδροις
333 1514 380 1588 ὡς
403 1512 508 1597 ἀγροῦ
528 1507 790 1598 παρακειμένου,
815 1514 848 1576 οἱ
872 1502 902 1575 δ’
929 1514 1014 1596 όπηι
1035 1509 1223 1593 βούλοιντο,
1246 1513 1349 1587 αὐτός
1371 1507 1407 1575 δέ

152 1614 282 1690 ἔμεινεν
315 1614 376 1678 ἐπί
408 1622 470 1678 τοῦ
498 1618 607 1677 τόπου
641 1610 702 1701 ἐφ’
731 1612 837 1701 οόπερ
866 1611 1089 1679 κατεκέκλιτο.
1138 1617 1185 1691 ὡς
1211 1610 1248 1677 δέ
1276 1608 1408 1699 ἡμέρας

152 1715 355 1799 γενηθείσης
383 1712 627 1801 ἐξανέστησαν,
658 1718 716 1796 οὐχ
743 1712 877 1803 ηὑρέθη
905 1720 1018 1796 μόνος.
1063 1712 1268 1801 ζητουμένου
1291 1712 1327 1779 δέ
1350 1717 1408 1779 καὶ

152 1824 220 1879 τῶν
243 1819 381 1881 οέκετῶν
404 1814 675 1904 ἀνακρινομένων
694 1818 751 1883 καί
768 1823 968 1906 φασκόντων
981 1820 1027 1905 μῆ
1043 1816 1183 1896 είδέναι,
1207 1819 1257 1893 εἷς
1271 1838 1324 1893 τις
1338 1821 1406 1904 ἔφη

100 1928 130 1979 1ο
150 1914 268 1997 μέσων
289 1928 414 1984 νυκτῶν
438 1929 555 2007 φωνῆς
575 1917 834 2007 ὑπερμεγέθους
856 1922 1001 1987 ἀκοῦσαι
1015 1916 1317 2006 προσκαλουμένης
1334 1912 1407 1998 Ἐμ-

152 2016 332 2099 πεδοκλέα,
356 2020 429 2085 εἶτα
452 2020 639 2100 ἐξαναστάς
661 2020 849 2109 ἑωρακέναι
872 2030 947 2109 φῶς
969 2024 1126 2108 οὐράνιον
1145 2025 1202 2086 καί
1218 2019 1407 2102 λαμπάδων

153 2119 294 2207 φέγγος,
318 2121 402 2187 ἀλλο
426 2122 461 2189 δέ
483 2122 605 2210 μηδέν·
636 2134 703 2189 τῶν
726 2122 762 2189 δέ
784 2126 845 2189 ἐπὶ
867 2133 932 2190 τῶι
953 2124 1139 2208 γενομένωι
1160 2121 1406 2207 ἐκπλαγέντων,

151 2226 300 2307 καταβάς
323 2228 557 2305 όΠαυσανίας
579 2226 717 2311 ἔπεμψέ
740 2248 835 2305 τινας
858 2223 1071 2313 ζητήσοντας.
1109 2230 1249 2311 ὕστερον
1272 2222 1308 2289 δέ
1326 2226 1406 2290 ἐκώ-

119 2332 121 2337 ’
152 2324 227 2391 λυεν
249 2326 556 2415 πολυπραγμονεῖν,
581 2333 721 2417 φάσκων
743 2332 839 2416 εὐχῆς
861 2328 941 2408 ἀξια
966 2328 1213 2416 συμβεβηκέναι
1234 2329 1291 2393 καί
1306 2329 1405 2391 θόειν

97 2440 128 2491 10
149 2430 257 2495 αότῶι
285 2429 356 2496 δεῖν
384 2434 578 2518 καθαπερεί
604 2436 755 2516 γεγονότι
780 2430 880 2497 θεῶι.
959 2426 1156 2518 Ἕρμιππος
1177 2426 1457 2515 [mommo

149 2530 186 2598 fr.
201 2533 253 2612 27]
281 2531 319 2599 δέ
351 2555 438 2622 φησι
458 2538 640 2600 Πάνθειάν
666 2557 741 2598 τινα
765 2522 1025 2622 Ἀκραγαντίνην
1048 2531 1313 2619 ἀπηλπισμένην
1335 2534 1404 2595 ἀπό

149 2633 218 2699 τῶν
241 2635 366 2722 ίατρῶν
388 2639 606 2724 θεραπεῦσαι
627 2640 729 2702 αὐτόν
743 2640 800 2701 καί
816 2634 872 2702 διά
888 2645 988 2701 τοῦτο
1004 2639 1063 2723 τῆν
1078 2638 1206 2700 θυσίαν
1221 2632 1404 2698 ἐπιτελεῖν·

150 2740 229 2814 τούς
252 2735 288 2801 δέ
310 2737 502 2824 κληθέντας
525 2739 614 2803 εἶναι
628 2742 716 2826 πρός
730 2742 810 2816 τούς
826 2737 1040 2826 ἀγδοήκοντα.
1075 2729 1279 2820 Ἱππόβοτος
1294 2734 1405 2818 [Hera-

149 2838 233 2902 elidis
247 2838 284 2904 fr.
301 2843 340 2903 77
363 2836 456 2925 Voss]
488 2838 525 2905 δέ
554 2859 659 2928 φησιν
688 2839 918 2919 ἐξαναστάντα
945 2843 1046 2905 αὐτόν
1069 2838 1254 2906 ὡδευκέναι
1275 2841 1322 2915 ὡς
1344 2839 1405 2902 ἐπί

96 2949 127 3002 25
149 2944 208 3028 την
237 2941 384 3028 Αἴτνην,
414 2943 487 3007 εἶτα
515 2947 789 3029 παραγενόμενον
817 2945 878 3006 ἐπί
906 2946 985 3019 τούς
1012 2949 1180 3028 κρατῆρας
1206 2949 1269 3004 τοῦ
1295 2943 1405 3026 πυρός

150 3043 340 3109 ἐναλέσθαι
365 3047 422 3108 καί
449 3047 700 3132 ἀφανισθῆναι,
729 3045 934 3128 βουλόμενον
962 3047 1022 3131 την
1049 3045 1131 3130 περὶ
1158 3044 1264 3107 αὑτοῦ
1289 3045 1403 3130 φημην

149 3145 340 3229 βεβαιῶσαι
355 3150 409 3210 ότι
419 3151 551 3230 γεγόνοι
562 3149 656 3224 θεός,
668 3151 809 3234 ὕστερον
822 3145 858 3211 δέ
870 3148 1077 3233 γνωσθῆναι,
1090 3147 1403 3232 ἀναρριπισθείσης

150 3251 255 3314 αὐτοῦ
275 3256 357 3328 μιᾶς
378 3247 445 3312 τῶν
467 3246 654 3336 κρηπίδων·
676 3248 802 3330 χαλκᾶς
823 3244 886 3336 γάρ
903 3249 1041 3314 εἴθιστο
1054 3246 1277 3313 ὑποδεῖσθαι.
1316 3249 1404 3333 πρός

149 3345 250 3415 τοῦθ’
282 3353 301 3416 ό
328 3353 529 3430 Παυσανίας
557 3348 722 3435 ἀντέλεγε.
810 3349 1000 3437 (Διόδωρος
1030 3341 1060 3415 δ’
1092 3344 1294 3436 όἘφέσιος
1321 3350 1402 3432 περί
1413 3351 1453 3412 70

95 3463 126 3515 ³0
145 3447 410 3539 Ἀναξιμάνδρου
433 3456 573 3539 γράφων
597 3455 702 3538 φησίν
726 3456 778 3518 ότι
794 3462 913 3518 τοῦτον
929 3449 1095 3538 ἐζηλώκει,
1119 3455 1275 3538 τραγικόν
1291 3449 1402 3514 ἀσκῶν

150 3565 257 3643 τάφον
272 3558 329 3620 καί
342 3558 463 3642 σεμνὴν
476 3553 653 3635 ἀναλαβὼν
669 3556 823 3641 ἐσθῆτα).
846 3561 921 3632 τοῖς
931 3554 1178 3629 Σελινουντίοις
1193 3555 1403 3631 ἐμπεσόντος

253 3755 357 3814 flocus
369 3755 478 3812 dubium
496 3753 677 3824 σωζομένου
686 3761 752 3824 post
762 3754 831 3810 ωτι
844 3755 879 3811 cf.
891 3759 934 3820 τι,
946 3760 987 3812 νε.
998 3759 1067 3822 ναν
1122 3745 1181 3810 ιε’
1193 3751 1266 3808 Ρεσι
1279 3743 1308 3808 ι’
1319 3751 1367 3806 ΒΡ

148 3832 216 3899 ἀλλ’
229 3830 282 3899 ὧδ’
300 3839 420 3908 δίδοσαν.
433 3856 467 3898 ex
478 3839 536 3905 P¹):
559 3833 656 3896 ἀλλων
673 3831 700 3898 δ’
712 3838 795 3893 BP’F
864 3843 880 3894 5
897 3843 951 3898 τοῦ
962 3856 1016 3896 om.
1028 3839 1052 3894 P
1097 3831 1186 3896 αὐτοῦ
1196 3843 1262 3908 post
1272 3831 1404 3894 θανάτου

148 3931 251 3996 transp.
269 3925 332 3982 odd.
384 3921 472 3998 λόγος
489 3925 548 3980 BP:
568 3917 585 3982 δ
603 3919 733 3996 λόγοςῈ
802 3926 833 3977 13
852 3917 958 3996 ηὑρέθη
969 3923 1017 3978 1²¹:
1036 3917 1140 3995 εδρέθη
1151 3921 1234 3978 P¹BF
1296 3924 1335 3978 ,15
1352 3921 1401 3990 μέ·

149 4029 203 4068 σον
221 4006 323 4077 νυκτός
340 4014 437 4083 φωνῆς
453 4009 614 4068 ἐπακοῦσαι
630 4003 844 4081 δπερμεγέθους
861 4009 885 4064 F
965 4012 997 4063 18
1014 4005 1121 4066 ἐκάλεε
1138 4007 1252 4064 Reiskoz
1270 4000 1403 4077 ἐκωλύθη

148 4093 222 4149 libri:
240 4090 366 4153 ἐκώλυσε
384 4095 475 4153 Cobet
553 4099 586 4152 20
604 4098 648 4153 δεῖ
664 4093 724 4150 P’F
779 4089 914 4165 γεγονότι
932 4091 1021 4148 0σαῖ
1100 4096 1134 4148 29
1152 4093 1327 4159 Παυσανίας]
1344 4091 1401 4147 wil.

147 4179 178 4234 In
195 4179 347 4236 Homljdis
364 4179 476 4251 dhlogo
538 4176 687 4252 θεόόωρος
704 4175 736 4234 F'
778 4179 840 4247 μθ
858 4178 1052 4247 Intempestive
1068 4178 1141 4233 Inter
1157 4176 1312 4247 Hippobon·
1329 4175 1401 4232 eclo-

147 4279 211 4334 gam
228 4265 332 4321 Inserta
401 4270 430 4322 31
450 4272 516 4335 post
531 4275 595 4332 τοῖς
611 4265 675 4321 εδδ.
694 4265 723 4324 δὲ
740 4265 784 4331 1³¹,
808 4270 838 4320 ει
854 4263 995 4320 turbarum
1014 4263 1161 4334 vestigium
1179 4279 1236 4318 non
1253 4261 1401 4318 dolendum

200 4349 413 4406 Selinuntiorum
436 4352 567 4407 memoria
589 4351 740 4408 onummls
764 4349 852 4420 quinti
877 4349 978 4405 saeculi
995 4347 1085 4414 (Head
1101 4347 1163 4404 ἐιιέἐ.
1181 4365 1258 4405 ανον.
1271 4350 1401 4417 111ιηη.)

147 4434 279 4492 translata
