3500 5075
334 307 374 366 92
816 308 839 358 0.
857 301 1100 358 EMPEDOCLES

332 476 395 531 ίοέσ.
430 475 504 530 Αἷσα.
517 474 545 529 11
557 479 609 541 0,3
629 472 673 540 [D.
685 476 745 538 334]
768 464 804 529 D.
828 469 883 529 τόν
904 470 958 542 μέν
980 471 1085 542 αἰθέρα
1103 474 1222 545 πρῶτον
1239 473 1432 544 διακριθῆναι,
1454 470 1590 547 δεύτερον

334 561 364 618 δέ
386 556 420 618 τό
444 563 514 632 πῦρ,
535 551 586 631 ἐφ’
604 547 639 614 ὧι
657 551 709 627 τῆν
725 561 792 630 γῆν,
814 553 847 624 έξ
861 545 895 630 ῆς
912 552 989 628 άγαν
1005 554 1264 630 περισφιγγομένης
1280 559 1326 628 τῆι
1342 551 1428 630 ρόμηι
1444 561 1495 630 τῆς
1511 577 1589 631 περι-

333 649 428 719 φορᾶς
446 636 605 718 άνοιβλόοαι
623 642 658 700 τό
676 633 765 715 ῦδαρ·
783 640 815 710 έξ
831 633 865 700 οῦ
883 647 1057 713 θυμιαθῆναι
1075 639 1129 699 τόν
1146 634 1229 708 άέρα,
1245 642 1294 698 καί
1310 639 1448 713 γενέσθαι
1465 641 1521 700 τόν
1536 644 1591 713 μέν

336 724 463 804 οῦρανόν
483 728 516 787 έκ
539 733 591 787 τοῦ
609 729 740 800 αἰθέρος,
762 727 817 785 τόν
834 727 864 786 δέ
885 718 967 800 ῆίισν
988 726 1022 785 έκ
1043 731 1097 786 τοῦ
1119 722 1224 798 πυρός,
1247 729 1401 799 πιληθῆναι
1424 728 1454 786 δέ
1476 727 1509 786 ἐκ
1530 733 1591 786 τοῖν

304 821 319 870 0
333 812 430 874 ἄλλων
446 810 482 873 τὰ
501 815 640 888 περίγεια.

438 939 479 989 00.
496 932 606 989 Anu
616 936 682 998 31,4
695 930 739 996 [D.
749 935 809 998 333]
825 923 861 989 'D
879 934 933 988 τοῦ
948 919 1042 1004 ῦφους
1058 933 1112 987 τοῦ
1128 921 1189 988 άπό
1207 933 1258 1000 τῆς
1273 932 1325 1001 γῆς
1336 927 1377 996 είς
1387 928 1443 988 τόν
1454 926 1589 1006 ου’ρανόν,

335 1009 395 1088 ῆτις
415 1016 495 1075 ἐστίν
517 1011 572 1088 εἶφ’
589 1012 671 1089 ῆμιῦν
692 1011 842 1083 άνάτασις,
865 1018 987 1074 πλείονα
1009 1011 1082 1074 είναι
1099 1011 1151 1086 τῆν
1166 1015 1242 1071 κατὰ
1260 1012 1295 1071 τό
1314 1014 1425 1082 πλάτος
1442 1015 1591 1076 διάστασιν

334 1097 410 1158 κατὰ
434 1100 522 1157 τοῦτο
546 1103 598 1157 τοῦ
622 1089 749 1170 σόρανοῦ
769 1101 883 1167 μᾶλλον
905 1091 1147 1168 ἀναπεπταμένου
1168 1096 1214 1155 διά
1236 1096 1271 1156 τό
1295 1092 1366 1156 οιίιῦι
1382 1105 1591 1175 παραπλησίοις

336 1177 390 1240 τόν
409 1183 525 1253 κόσμον
541 1188 664 1242 κεῖσθαι.
701 1188 724 1250 1,
740 1187 756 1238 4
779 1182 824 1253 [D.
842 1185 903 1249 320]
922 1175 959 1240 ’D
983 1179 1038 1239 τὸν
1059 1186 1112 1240 τοῦ
1128 1175 1210 1253 ῆλίου
1226 1185 1406 1255 περίδρομον
1422 1182 1495 1244 είναι
1512 1207 1590 1259 περι-

286 1281 314 1331 10
334 1264 449 1342 γραφὴν
466 1273 519 1327 τοῦ
529 1270 656 1342 πέρατος
673 1273 726 1326 τοῦ
742 1266 865 1337 κόσμου.
902 1270 971 1334 10,2
991 1266 1037 1333 [D.
1049 1270 1110 1330 339]
1128 1259 1164 1322 Ἐ.
1181 1266 1256 1335 δεξιά
1273 1269 1329 1338 μέν
1346 1265 1437 1330 αὐτοῦ
1454 1273 1521 1338 [wil.
1539 1277 1590 1331 τοῦ

336 1351 458 1424 κόσμου]
478 1349 514 1412 τὰ
531 1349 605 1412 κατὰ
624 1348 678 1412 τὸν
695 1348 815 1423 θερινὸν
831 1347 983 1425 τροπικόν,
1000 1344 1139 1424 άριστερόι
1158 1352 1189 1410 δὲ
1206 1347 1243 1411 τὶι
1258 1351 1334 1412 κατὰ
1352 1354 1407 1412 τόν
1416 1356 1589 1431 χειμερινόν.

439 1494 480 1546 01.
497 1489 682 1556 1401111101
695 1489 810 1554 [1).330]
827 1481 863 1548 Ἕ.
882 1487 1051 1560 στερέμνιον
1069 1483 1140 1546 εἶναι
1158 1485 1213 1545 τόν
1230 1482 1359 1561 σι’-ρανόν
1374 1489 1407 1558 έξ
1423 1486 1512 1563 άέρος
1523 1513 1591 1563 συμ-

337 1575 479 1647 παγέντος
497 1570 552 1632 ίπό
571 1573 663 1647 πυρός
680 1577 932 1648 κρυσταλλοειδῶς,
949 1569 984 1630 τὸ
1002 1577 1131 1645 πυριῦδες
1147 1577 1197 1630 καί
1213 1570 1248 1632 τό
1266 1569 1392 1648 άεριῦδες
1409 1575 1441 1635 έν
1452 1575 1591 1651 έκατέρονι

336 1665 396 1716 τοῖν
415 1654 609 1733 ἡμισφαιρίων
626 1659 806 1731 περιέχοντα.
841 1658 982 1713 herm.
995 1656 1031 1713 de
1042 1656 1108 1727 opis.
1122 1657 1167 1714 dei
1179 1663 1248 1725 17,0
1271 1676 1311 1715 απ
1325 1659 1352 1715 εἰ
1367 1661 1436 1717 πόλι·
1454 1662 1592 1733 quispiam

286 1756 315 1806 15
336 1745 440 1801 dixerit
454 1762 568 1800 αοπααπ
585 1759 640 1799 esse
657 1743 761 1799 caelum
778 1745 829 1798 αιιί
843 1741 961 1797 vitreum
977 1745 1028 1797 σαί
1037 1745 1070 1796 ιιί
1079 1742 1256 1813 Ειπροιίοαῖαι
1267 1745 1317 1812 ait,
1334 1762 1424 1802 aerem
1432 1749 1589 1818 ρίαοῖαῖιιια,

336 1832 465 1886 statimne
482 1830 635 1886 assentiar?
652 1835 697 1896 [ox
713 1828 845 1885 Varronis
861 1828 1009 1884 hberone
1025 1825 1088 1897 (31.0
1101 1833 1125 1882 5.
1142 1827 1310 1895 00101084]

441 1955 481 2004 52.
499 1948 643 2014 Amlu,
654 1951 668 2001 8
681 1946 725 2012 [D.
736 1950 794 2012 331]
810 1939 847 2003 ’D
865 1944 920 2004 τόν
936 1943 1050 2014 κόσμον
1067 1947 1243 2018 φθείρεσθαι
1258 1944 1333 2006 κατὰ
1351 1944 1403 2022 τῆν
1420 1942 1590 2024 άντεπρκρά·

338 2054 418 2092 τειαν
434 2037 487 2091 τοῦ
505 2035 628 2098 Νείκους
644 2034 693 2088 καί
710 2035 760 2103 τῆς
779 2032 889 2096 Φιλίας.
918 2031 1017 2087 Sum.
1030 2030 1267 2098 (100001029310
1286 2033 1315 2091 οί
1331 2035 1362 2093 δέ
1378 2031 1504 2104 ἐναλλὰξ
1517 2039 1592 2107 γίνε·

338 2125 408 2176 σθαι
424 2122 473 2176 καί
490 2119 666 2190 φθείρεσθαι
684 2116 738 2174 τόν
755 2109 846 2175 αῦτόν
862 2119 913 2174 καί
929 2114 1015 2174 πόλιν
1026 2115 1182 2187 γινόμενον
1193 2114 1279 2175 πάλιν
1291 2122 1467 2193 φθείρεσθαι
1478 2122 1525 2192 [ευ.
1538 2118 1592 2178 τὸν

286 2215 315 2265 20
336 2199 458 2273 κόσμον]
476 2203 599 2275 λέγουσι,
615 2205 665 2259 καὶ
682 2196 774 2259 άίδιον
791 2196 863 2259 είναι
882 2195 934 2272 τῆν
951 2196 1086 2272 τοιαύτην
1102 2198 1244 2274 διαδαχῆν,
1262 2193 1362 2278 ὥσπερ
1373 2202 1409 2261 'E-
1425 2199 1478 2276 τῆν
1490 2207 1592 2261 Φιλίαν

338 2287 430 2360 λέγων
451 2291 501 2344 καὶ
523 2282 558 2345 τό
578 2290 684 2353 Νεῖκος
706 2282 785 2358 παρὰ
808 2286 898 2361 μέρος
919 2283 1131 2355 ἐπικρατοῦντα
1153 2281 1205 2358 τῆν
1220 2286 1275 2356 μέν
1291 2283 1424 2359 συνάγειν
1441 2287 1477 2347 τά
1495 2285 1591 2347 πάντα

339 2373 378 2439 είς
389 2369 428 2430 ’έν
444 2375 492 2430 καὶ
509 2370 640 2445 φθείρειν
658 2369 712 2428 τόν
729 2375 782 2428 τοῦ
794 2373 917 2437 Νείκους
933 2362 1048 2440 κόσμον
1063 2374 1112 2427 καί
1129 2379 1225 2428 ποιεῖν
1240 2369 1272 2440 ἐξ
1282 2366 1371 2431 αὐτοῦ
1382 2368 1437 2430 τὸν
1449 2378 1593 2445 Σφαῖρον,

339 2455 373 2514 τό
398 2457 428 2515 δέ
446 2461 551 2524 Νεῖκος
574 2457 728 2540 διακρίνειν
749 2457 835 2516 πάλιν
858 2451 896 2513 τὰ
918 2464 1047 2528 στοιχεῖα
1069 2457 1119 2512 καί
1140 2465 1235 2513 ποιεῖν
1255 2455 1310 2514 τὸν
1327 2461 1463 2516 τοιοῦτον
1479 2455 1593 2528 κόσμον

339 2548 406 2611 [tum
424 2545 491 2600 citat
506 2543 540 2599 fr.
554 2548 594 2609 11,
607 2548 698 2613 [sqq]
716 2547 775 2609 305,
788 2548 819 2599 21
844 2539 968 2602 Πλάτων
989 2543 1039 2597 καί
1060 2531 1100 2597 Ἐ.
1121 2544 1171 2598 καί
1188 2533 1379 2615 Ἀναξαγόρας
1397 2547 1447 2601 καί
1465 2543 1494 2602 οί
1511 2542 1592 2602 ἄλλοι

287 2640 317 2691 25
338 2632 455 2702 φυσικοί
477 2628 530 2701 τῆν
553 2632 612 2686 τοῖν
635 2628 782 2687 συνθέτων
805 2623 865 2687 άπὸ
889 2632 949 2684 τοῖν
965 2621 1069 2684 άπλιῦν
1085 2624 1197 2697 γένεσιν
1213 2626 1289 2685 κατά
1308 2627 1362 2685 τόν
1378 2626 1411 2695 ἐξ
1425 2624 1593 2696 ῦποθέσεοις

338 2718 444 2772 τοῦτον
462 2711 576 2786 τρόπον
593 2716 619 2779 [i.
632 2730 656 2770 υ.
674 2716 855 2779 διδασκαλίας
872 2710 958 2785 χάριν
975 2715 1034 2779 304,
1044 2716 1069 2776 0]
1086 2711 1241 2782 φαίνονται
1253 2705 1459 2784 παραδιδόντες
1524 2709 1594 2772 ὡσεί

338 2803 387 2855 καί
410 2802 600 2871 προϋπῆρχον
621 2802 674 2855 τοῦι
696 2794 806 2871 χρόνοι
830 2797 867 2857 τόι
889 2796 922 2865 ἐξ
941 2786 984 2853 ὦν
1005 2799 1116 2867 γίνεται
1138 2791 1174 2854 τὰ
1196 2793 1343 2868 γινόμενα.
1379 2805 1475 2854 eontra
1491 2799 1592 2855 Amsw.

338 2883 522 2953 Metaph.B4.
536 2885 654 2940 1000013
673 2878 707 2942 οῦ
724 2880 782 2957 γὰρ
800 2879 835 2943 τόι
854 2883 908 2952 μέν
925 2878 1053 2952 φθαρτά.
1071 2879 1107 2939 τοὶ
1126 2874 1154 2938 δ’
1171 2877 1310 2954 άφθαρτα
1327 2891 1406 2940 ποιεῖ
1415 2887 1476 2941 τοῖν
1488 2880 1593 2953 ὄντων,

340 2961 405 3027 ἄλλ’
423 2960 539 3027 ἅπαντα
557 2968 676 3043 φθαρτά
695 2966 769 3041 πλῆν
786 2973 846 3027 τοῖν
863 2967 1025 3038 στοιχείων.

288 3100 317 3149 30
441 3091 482 3142 03.
499 3088 574 3142 Am.
584 3088 612 3143 11
622 3092 687 3156 13,2
700 3087 745 3153 [D.
756 3091 816 3151 341]
833 3078 871 3144 'E
891 3085 995 3160 πόρινα
1013 3088 1059 3149 [sc.
1072 3079 1145 3142 είναι
1161 3084 1198 3143 τὰ
1211 3082 1315 3157 ἄστρα]
1327 3083 1361 3144 έκ
1372 3089 1425 3144 τοῦ
1436 3082 1593 3160 παρόδους,

341 3161 415 3243 ὅπερ
434 3166 450 3227 ό
470 3165 526 3247 άῆρ
543 3170 576 3228 έν
594 3169 697 3229 έαυτιῦι
715 3170 858 3244 περιέχων
874 3168 1045 3242 ἐξανέθλιψε
1062 3165 1137 3228 κατὰ
1156 3167 1209 3243 τῆν
1225 3167 1343 3244 πρώτην
1359 3166 1508 3244 διάκρισιν.

442 3295 483 3345 04.
504 3290 581 3345 Imm
593 3290 621 3345 11
635 3293 675 3355 13,
689 3294 719 3345 11
739 3290 783 3355 [1).
796 3294 855 3355 342]
879 3282 915 3347 Ἔ.
939 3283 1007 3353 τοῦς
1029 3287 1083 3358 μὲν
1104 3282 1242 3355 α’πλανεῖς
1263 3282 1389 3361 άστέροις
1410 3290 1594 3349 συνδεδέσθαι

340 3378 391 3432 τιῦι
408 3370 595 3449 κρυστάλλωι,
613 3371 682 3442 τοῦς
698 3374 729 3432 δὲ
747 3371 894 3447 πλανήτας
912 3367 1054 3432 άνεῖσθαι.

443 3498 483 3549 00.
501 3495 627 3550 Aoum.
639 3494 669 3549 in
681 3494 761 3549 Ant.
776 3498 807 3548 16
824 3510 852 3565 p.
864 3499 907 3561 43,
919 3499 934 3549 2
953 3494 1051 3549 Hm
1082 3492 1136 3551 είσὶ
1153 3491 1184 3549 δέ
1201 3490 1230 3548 όὶ
1247 3495 1366 3564 πρῶτον
1383 3486 1438 3549 τόν
1453 3483 1534 3565 ῆλιον
1551 3492 1594 3551 λέ-

288 3594 318 3643 35
338 3600 438 3653 γουσιν
459 3580 594 3655 δευτέραν
617 3580 646 3637 δὲ
667 3579 720 3651 τῆν
741 3577 874 3653 σελήνην,
897 3581 999 3651 τρίτον
1021 3578 1052 3636 δὲ
1068 3576 1122 3636 τὸν
1140 3572 1267 3647 Κρόνον.
1302 3571 1319 3649 ῆ
1343 3576 1373 3635 δέ
1394 3579 1503 3635 πλείων
1523 3576 1594 3647 δόξα

341 3663 459 3737 πρώτην
481 3660 533 3736 τῆν
554 3662 687 3737 σελήνην,
708 3662 770 3723 έπεί
792 3668 842 3721 καί
862 3659 1045 3733 α’πόσπασμα
1063 3667 1116 3722 τοῦ
1132 3658 1216 3734 ῆλίου
1231 3661 1363 3734 λέγουσιν
1380 3655 1484 3735 αότῆν,
1508 3657 1594 3731 ὡςδὲ

341 3754 397 3816 [καί
415 3741 950 3822 Μαοεε1Ἐῧκυκλοτερές-φοῖί
968 3748 1010 3815 [fr.
1023 3754 1075 3814 40].

444 3873 484 3923 00.
502 3870 572 3923 Δτπ.
584 3870 663 3935 1120,
675 3873 705 3925 13
724 3869 769 3935 [D.
778 3872 837 3934 300]
855 3862 892 3925 Ἐ.
909 3868 960 3926 δυό
977 3861 1086 3939 ῆίίους·
1105 3861 1229 3935 τὸνμὲν
1245 3858 1418 3937 άρχέτνπον,
1434 3871 1493 3940 πῦρ
1511 3862 1547 3925 όν
1563 3866 1596 3925 ἐν

342 3957 393 4010 τιῦι
416 3950 517 4023 έτέροιι
539 3948 727 4027 ῆμισφαιρίωι
747 3958 801 4011 τοῦ
817 3952 944 4022 κόσμου,
968 3945 1159 4026 πεπληρωκὸς
1175 3944 1210 4007 τὸ
1228 3945 1430 4024 ἡμισφαίριον,
1453 3953 1509 4011 αίεῖ
1525 3948 1595 4010 κατ’

290 4052 319 4103 40
339 4031 458 4110 άντικρὺ
477 4042 521 4110 τῆι
540 4032 707 4111 άνταυγείαι
726 4034 830 4096 ἑαυτοῦ
848 4035 1037 4108 τεταγμένον·
1057 4031 1112 4094 τὸν
1128 4036 1159 4095 δέ
1175 4028 1363 4107 φαινόμενον,
1380 4029 1552 4111 άνταόγειαν
1564 4036 1596 4095 έν

341 4128 394 4180 τιῦι
416 4120 516 4196 έιέροιι
535 4116 722 4195 ῆμισφιιιρίοιι
739 4126 793 4180 τοῑι
812 4126 865 4181 τοῦ
882 4116 971 4194 άέρος
988 4126 1040 4178 τοῦ
1057 4126 1255 4194 θερμομιγοῦς
1271 4124 1511 4195 πεπληρωμένοι,
1534 4117 1594 4182 άπό

340 4211 532 4279 κυκλοτεροῦς
553 4212 603 4280 τῆς
624 4212 676 4280 γῆς
697 4202 767 4265 κατ’
788 4200 948 4266 α’νόκλασιν
968 4206 1139 4279 γιγνομένην
1160 4206 1457 4275 [cf.Plut.adfr.441
1480 4209 1520 4276 είς
1543 4207 1596 4267 τόν

341 4288 422 4366 ῆλιον
439 4290 492 4351 τὸν
508 4296 739 4367 κρυσταλλοειδῆ,
757 4294 1035 4364 συμπεριελκομένην
1052 4292 1083 4350 δέ
1099 4296 1144 4364 τῆι
1160 4290 1268 4365 κινῆσει
1286 4298 1339 4351 τοῦ
1354 4294 1486 4366 πυρίνου.
1516 4288 1555 4361 ὡς
1567 4294 1596 4353 δέ

341 4381 474 4453 βραχέως
491 4380 621 4451 εἰρῆσθαι
641 4374 844 4447 [συντεμόντα]
863 4370 1036 4449 άνταόγειαν
1053 4373 1125 4435 εἶναι
1142 4382 1196 4435 τοῦ
1213 4381 1279 4451 περὶ
1297 4376 1350 4450 τῆν
1366 4382 1420 4451 γῆν
1437 4378 1531 4449 πυρός
1542 4374 1597 4436 τόν

290 4480 319 4530 45
341 4456 429 4537 ῆλιον.
465 4470 534 4533 21‚2
553 4464 598 4530 [D.
610 4468 670 4526 301]
690 4459 756 4520 ίσον
772 4466 818 4535 τῆι
834 4466 881 4535 γῆι
899 4457 953 4520 τόν
969 4458 1045 4521 κατὰ
1063 4457 1116 4535 τὴν
1133 4455 1315 4534 άνταόγειαν.
