3500 5075
347 312 389 373 80
829 317 853 366 5.
870 309 1116 368 mfflocffls

348 487 470 568 λοιμοῦ
496 484 553 550 διά
580 488 641 562 τάς
670 487 740 549 ἀπό
764 495 826 550 τοῦ
846 482 1098 571 παρακειμένου
1122 491 1282 563 ποταμοῦ
1302 480 1486 560 δυσωδίας,
1514 484 1603 546 ὥστε

346 591 403 651 καὶ
426 590 548 664 αὐτούς
570 589 787 675 φθείρεσθαι
808 590 865 651 καλ
887 591 949 664 τάς
966 594 1125 671 γυναῖκας
1139 584 1323 663 δυστοκεῖν,
1347 589 1531 671 ἐπινοῆσαι
1544 588 1603 648 τόν

344 685 571 769 Ἐμπεδοκλέα
593 692 650 753 καλ
666 687 726 754 δύο
742 691 837 767 τινάς
852 693 1029 769 ποταμούς
1044 688 1111 754 τῶν
1128 693 1283 773 σύνεγγυς
1298 691 1481 770 ἐπαγαγεῖν
1497 683 1604 763 ἰδίαις

348 789 534 868 δαπάναις·
563 794 621 856 καί
647 790 878 872 καταμίξαντα
907 791 1065 879 γλυκῆναι
1089 794 1131 855 τά
1159 795 1319 877 ῥεύματα.
1365 791 1452 853 ούτω
1483 785 1522 876 δῆ
1548 787 1604 875 λῆ-

317 892 467 972 5ξαντος
488 902 552 957 τοῦ
572 892 694 973 λοιμοῦ
712 893 858 958 καὶτῶν
879 892 1121 959 Σελινουντίων
1143 888 1383 973 εὐωχουμένων
1406 893 1492 955 ποτέ
1507 894 1602 978 παρά

349 995 414 1060 τῶι
435 995 606 1076 ποταμῶι,
629 999 841 1084 ἐπιφανῆναι
862 999 921 1060 τόν
939 986 1183 1075 Ἐμπεδοκλέα·
1206 998 1286 1072 τούς
1302 984 1334 1057 δ’
1353 991 1603 1071 ἐξαναστάντας

348 1104 550 1184 προσκυνεῖν
578 1101 635 1162 καλ
663 1101 922 1185 προσεύχεσθαι
948 1099 1142 1184 καθαπερεί
1170 1097 1270 1163 θεῶι.
1314 1101 1438 1182 ταύτην
1461 1095 1519 1160 οδν
1541 1097 1603 1160 θέ-

349 1198 450 1263 λοντα
473 1199 663 1282 βεβαιῶσαι
685 1205 745 1287 τῆν
772 1198 938 1285 διάληψιν
959 1204 1010 1276 εἰς
1031 1203 1070 1263 τό
1093 1209 1161 1286 πῦρ
1185 1199 1380 1264 ἐναλέσθαι.
1467 1201 1655 1275 τούτοις71

349 1293 382 1366 δ’
408 1306 620 1367 ἐναντιοῦται
644 1305 790 1382 Τίμαιος
806 1296 911 1386 [FHG
925 1302 942 1363 I
958 1303 1020 1366 218
1042 1301 1079 1365 fr.
1096 1297 1148 1386 98]
1172 1301 1284 1388 ῥητῶς
1305 1299 1409 1385 λέγων
1424 1303 1472 1378 ῶς
1487 1298 1605 1381 ἐξεχώ-

297 1415 326 1467 10
347 1422 448 1490 ρησεν
482 1409 533 1481 είς
559 1402 824 1489 Πελοπόννησον
857 1406 915 1467 καλ
947 1406 985 1467 τύ
1019 1401 1159 1468 σύνολον
1188 1407 1246 1468 οδκ
1274 1402 1487 1490 ἐπανῆλθεν·
1520 1405 1605 1466 δθεν

348 1509 453 1570 αὐτοῦ
480 1509 537 1570 καί
567 1509 626 1592 τῆν
652 1504 807 1593 τελευτὴν
836 1504 961 1592 ἀδηλον
990 1505 1088 1570 εἶναι.
1132 1509 1221 1592 πρὸς
1251 1503 1287 1570 δέ
1309 1508 1368 1569 τδν
1387 1499 1605 1591 Ἡρακλείδην

346 1610 403 1671 καλ
436 1606 473 1686 ἐξ
505 1611 673 1689 όνύματος
705 1615 860 1673 ποιεῖται
892 1612 951 1696 τῆν
985 1609 1181 1695 ἀντίρρησιν
1214 1612 1248 1672 ἐν
1281 1617 1338 1694 τῆι
1371 1592 1419 1673 ι-δ·
1458 1611 1606 1694 Συρακό-

349 1715 423 1774 σιόν
445 1733 481 1775 τε
504 1713 566 1798 γάρ
590 1710 679 1774 εἶναι
700 1713 758 1774 τόν
772 1713 1005 1777 Πεισιάνακτα
1028 1714 1085 1775 καί
1110 1714 1213 1798 ἀγρόν
1235 1713 1293 1774 οὐκ
1314 1713 1402 1791 έχειν
1428 1714 1463 1774 ἐν
1485 1701 1604 1798 Ἀκρά-

347 1827 458 1896 γαντι·
474 1816 676 1877 Παυσανίαν
691 1834 727 1876 τε
741 1819 905 1899 μνημεῖον
919 1809 996 1897 (ἀν)
1009 1819 1237 1900 πεποιηκέναι
1247 1821 1309 1876 τοῦ
1318 1811 1431 1899 φίλου,
1447 1818 1603 1878 τοιοῦτον

297 1924 325 1976 1⁵
347 1913 573 1992 διαδοθέντος
602 1912 715 1996 λόγου,
741 1916 762 2001 ἢ
792 1914 1001 2000 ἀγαλμάτιόν
1028 1937 1064 1980 τι
1084 1919 1105 2003 ῆ
1129 1919 1230 2002 σηκὸν
1253 1916 1310 1980 οία
1332 1917 1432 2000 θεοῦ·
1461 1918 1519 1980 καλ
1539 1917 1602 2001 γάρ

347 2015 513 2080 πλούσιον
543 2015 640 2081 εἶναι.
682 2010 773 2094 “πῶς
802 2016 877 2097 οδν,
909 2021 1029 2105 φησίν,
1059 2022 1109 2095 είς
1137 2021 1217 2095 τούς
1237 2027 1408 2105 κρατῆρας
1428 2016 1533 2104 ῆλατο
1557 2019 1604 2081 ὧν

348 2121 504 2202 σύνεγγυς
527 2120 633 2181 όντων
656 2115 734 2182 ούδέ
755 2123 874 2199 μνείαν
897 2124 983 2185 ποτὲ
1005 2124 1195 2207 ἐπεποίητο
1202 2144 1214 2198 ,·
1235 2119 1465 2206 τετελεύτηκεν
1487 2119 1546 2185 οδν
1569 2123 1604 2182 ἐν

345 2220 625 2306 Πελοποννῆσωι.
706 2219 803 2286 οὐδέν
819 2219 855 2287 δέ
871 2221 1069 2310 παράδοξον
1083 2228 1194 2312 τάφον
1210 2227 1316 2287 αύτοῦ
1326 2226 1371 2310 μῆ
1397 2220 1602 2307 φαίνεσθαι·
1614 2221 1655 2282 72

346 2319 431 2407 μηδέ
453 2324 515 2409 γάρ
535 2321 647 2385 ἀλλων
662 2317 818 2388 πολλῶν.’
856 2329 997 2390 τοιαῦτά
1014 2347 1089 2390 τινα
1105 2329 1213 2390 εἰπὼν
1230 2328 1248 2388 δ
1266 2328 1412 2404 Τίμαιος
1426 2325 1602 2408 ἐπιφέρει·

294 2431 325 2484 20
345 2415 450 2487 ’ἀλλὰ
474 2421 530 2488 διὰ
558 2428 687 2501 παντός
709 2429 802 2490 ἐστιν
819 2420 1038 2514 Ἡρακλείδης
1059 2437 1215 2506 τοιοῦτος
1236 2423 1524 2514 παραδοξολόγος,
1547 2425 1605 2486 καλ

347 2528 382 2590 ἐκ
397 2536 457 2614 τῆς
474 2524 613 2614 σελήνης
628 2534 845 2595 πεπτωκέναι
861 2533 1050 2619 ἄνθρωπον
1067 2523 1189 2616 λέγων’
1225 2522 1430 2612 Ἱππόβοτος
1445 2525 1483 2593 δέ
1498 2544 1604 2615 φησιν

348 2631 402 2692 δτι
424 2626 564 2715 ἀνδριάς
586 2629 867 2714 ἐγκεκαλυμμένος
885 2624 1148 2713 Ἐμπεδοκλέους
1169 2635 1277 2696 δκειτσ
1299 2637 1467 2719 πρότερον
1488 2633 1551 2711 μέν
1569 2634 1604 2693 έν
1642 2680 1647 2685 .

342 2721 556 2817 Ἀκράγαντι,
579 2734 720 2819 ὕστερον
743 2730 779 2797 δέ
802 2737 870 2821 πρό
894 2744 957 2800 τοῦ
972 2728 1145 2814 Ῥωμαίων
1166 2734 1406 2822 βουλευτηρίου
1429 2731 1604 2819 ἀκάλυφος

347 2829 505 2917 δηλονότι
517 2837 737 2913 μεταθέντων
752 2838 854 2900 αὐτόν
869 2839 943 2900 ἐκεῖ
948 2829 1130 2916 Ῥωμαίων.
1157 2840 1309 2924 γραπταὶ
1323 2840 1385 2917 μέν
1399 2838 1461 2921 γάρ
1477 2838 1604 2911 είκύνες

295 2944 325 2995 ιδ
346 2936 403 2997 καλ
431 2943 488 2998 νῦν
518 2942 773 3024 περιφέρονται.
819 2941 982 3025 Νεάνθης
1006 2934 1039 3002 δ’
1064 2942 1084 3001 ό
1106 2935 1291 3026 Κυζικηνός
1313 2942 1332 3002 δ
1354 2940 1411 3002 καί
1433 2940 1604 3023 περὶτῶν

345 3037 597 3124 Πυθαγορικῶν
612 3043 720 3105 είπιύν
737 3058 825 3128 φησι
840 3035 1031 3125 [meme
1046 3038 1144 3127 1222]
1160 3044 1328 3117 Μέτωνος
1342 3038 1604 3127 τελευτήσαντος

346 3136 543 3223 τυραννίδος
565 3142 668 3228 ἀρχῆν
689 3144 930 3229 ὑποφύεσθαι·
959 3143 1034 3207 εἶτα
1056 3146 1115 3208 τόν
1132 3138 1358 3223 Ἐμπεδοκλέα
1382 3149 1505 3208 πεῖσαι
1526 3146 1605 3221 τούς

342 3231 621 3325 Ἀκραγαντίνους
643 3246 851 3308 παύσασθαι
869 3230 931 3324 μέν
946 3254 1013 3310 τῶν
1030 3249 1191 3324 στάσεων,
1216 3249 1356 3332 ἰσότητα
1373 3244 1409 3311 δέ
1426 3244 1604 3333 πολιτικῆν
1723 3326 1728 3332 ἱ

346 3340 471 3407 ἀσκεὶῑι.
558 3346 611 3407 έτι
638 3365 674 3408 τε
703 3344 835 3422 πολλάς
860 3357 928 3411 τῶν
956 3346 1144 3413 πολιτίδων
1172 3350 1359 3435 ἀπροίκους
1384 3352 1604 3435 ὑπαρχούσας
1615 3346 1655 3405 73

294 3452 324 3504 ιο
346 3446 447 3507 αὐτόν
475 3449 656 3531 προικίσαι
683 3445 739 3512 διὰ
770 3451 828 3512 τόν
851 3454 1006 3537 παρόντα
1029 3448 1190 3514 πλοῦτον·
1220 3448 1274 3515 διδ
1299 3448 1338 3539 δῆ
1362 3454 1545 3538 πορφύραν
1567 3469 1604 3512 τε

347 3546 528 3629 ἀναλαβεῖν
551 3550 652 3612 αὐτὸν
673 3552 730 3613 καλ
754 3555 919 3638 στρόφιον
941 3554 1138 3617 ἐπιθέσθαι
1157 3562 1311 3640 χρυσοῦν,
1334 3556 1382 3629 ὡς
1402 3553 1605 3637 Φαβωρῖνος

346 3652 381 3711 ἐν
394 3641 765 3733 Ἀπομνημονεύμασιν,
781 3656 833 3718 ίτι
848 3652 884 3717 τ’
899 3657 1048 3737 ἐμβάτας
1060 3654 1186 3736 χαλκοῖς
1199 3658 1257 3719 καί
1275 3660 1405 3735 στέμμα
1420 3652 1603 3740 Δελφικόν.

345 3755 430 3837 κόμη
461 3772 497 3813 τε
518 3747 559 3836 ἦν
589 3757 696 3818 αύτῶι
721 3757 850 3837 βαθεῖα
879 3759 936 3820 καλ
965 3754 1088 3833 παῖδες
1114 3757 1316 3822 ἀκόλουθοι·
1343 3759 1401 3821 καλ
1424 3758 1527 3833 αδτδς
1549 3758 1604 3819 άεί

348 3854 555 3938 σκυθρωπὸς
578 3846 636 3941 ἐφ’
655 3858 730 3933 ένδς
751 3860 922 3943 σχῆματος
935 3856 985 3945 ῆν.
1022 3867 1178 3936 τοιοῦτος
1193 3857 1232 3947 δη
1250 3861 1398 3946 προῆιει,
1421 3868 1489 3923 τῶν
1504 3857 1604 3923 πολι-

293 3962 324 4014 35
346 3962 413 4017 τῶν
433 3953 635 4036 ἐντυχόντων
649 3960 707 4021 καί
722 3968 821 4022 τοῦτο
835 3958 1054 4038 ἀξιωσάντων
1070 3964 1176 4025 οἱονεί
1190 3961 1369 4045 βασιλείας
1383 3964 1477 4039 τινός
1493 3965 1603 4048 παρά-

447 4156 686 4228 4γλυκῆναιΒΡι
701 4154 900 4241 γλυκύναιΡ-’ξ
918 4156 1103 4232 γλυκάδαιΡ’
1155 4162 1220 4221 M
1289 4165 1531 4237 8διαβεβαιῶσιιι
1543 4162 1603 4217 FP*

346 4235 579 4313 υιεεόρησενιι
659 4246 690 4297 ιι
708 4247 736 4300 ιε
752 4243 859 4314 scripsi:
878 4244 974 4301 εσυιι
1057 4250 1089 4302 ιι
1106 4241 1226 4305 enda
1244 4246 1385 4304 &muer
1455 4252 1485 4303 ιο
1503 4238 1546 4304 δν
1563 4242 1604 4315 ἐς

345 4330 374 4379 et
393 4328 422 4378 17
442 4326 596 4397 πεποίηται
618 4326 714 4383 inseite
735 4327 826 4384 Cobet
917 4333 948 4385 19
967 4322 1031 4388 οὐδὲ
1052 4332 1198 4401 scripserat
1219 4332 1349 4390 Timaeus
1441 4337 1474 4388 24
1492 4327 1604 4400 εέκόνες

346 4406 438 4462 Stun:
455 4406 509 4465 εἰσι
527 4410 602 4477 τινὲς
618 4410 682 4466 libri
751 4417 784 4468 34
802 4402 836 4483 ἦν
854 4408 1037 4486 σχήματοςΡ
