3500 5075
417 351 456 407 A.
473 351 574 407 TEST.
591 350 714 406 VITAE.
750 354 765 405 2
785 349 987 418 (Amnon
1006 353 1117 419 13-24)
1332 347 1392 408 179

138 528 158 612 ἢ
183 523 371 608 σύμβουλος
399 528 419 612 ή
445 523 546 612 φίλος
567 528 588 611 ή
611 521 731 602 άπλῶς
759 527 871 589 εἰπεῖν
900 525 1090 610 ἅνθρωπος
1119 524 1138 584 ύ
1164 544 1200 606 γε
1223 531 1402 600 τοιοὺτσς;·

139 631 157 714 ἢ
181 631 216 691 τί
238 637 305 692 τῶν
326 636 436 692 κακῶν
464 631 504 692 ού
526 626 724 714 τολμήσειεν
754 629 796 690 ἀν
819 629 838 689 ό
865 623 970 713 μηδὲν
1000 629 1046 701 ὡς
1074 623 1217 709 ἀληθῶς
1239 627 1395 704 οἰόμενος

140 730 228 795 εἶναι
256 732 357 794 κακδν
378 731 398 815 ή
423 731 563 816 αίσχρύν
589 732 610 817 ή
635 726 765 793 δίκαιον
787 731 807 816 ή
834 725 970 805 ἀδικον,·
992 724 1069 791 οὑδὲ
1090 729 1153 812 γάρ
1177 729 1283 790 ἐκεῖνο
1307 730 1393 812 φαίη

140 853 193 910 τις
213 836 265 911 δν,
290 836 344 896 ὅτι
366 833 445 908 τούς
466 834 591 909 νόμους
613 827 789 894 δεδοίκασι
816 831 874 892 καλ
897 832 959 906 τάς
981 832 1148 915 τιμωρίας
1170 832 1205 892 ol
1226 837 1393 893 τοισὺτοι·

104 948 119 996 5
141 943 216 1011 πῶς
237 936 300 1020 γάρ
325 935 363 997 οῖ
379 954 417 1017 γε
440 933 595 1010 ἀπαθεῖς
616 935 673 996 καί
697 933 871 1018 ἀτάραχοι,
894 932 1055 1019 καθάπερ
1079 933 1178 995 αύτοί
1201 949 1318 1018 φασιν,
1341 933 1394 994 δν·

141 1057 214 1114 τες,·
299 1039 318 1099 ὑ
335 1040 374 1118 γέ
395 1057 450 1099 τοι
468 1037 585 1115 Τίμων
600 1041 704 1097 ταῦτα
721 1033 810 1117 λέγει
831 1037 889 1097 καί
904 1035 985 1119 περί
1007 1042 1070 1097 τού
1081 1035 1268 1121 Πύρρωνος
1285 1024 1395 1095 ’ἀλλ’
1406 1035 1446 1096 19

142 1139 295 1202 οῖον-
317 1133 579 1222 νομοθήκης’
602 1134 649 1214 (fr.
666 1137 707 1212 9).
796 1138 927 1200 ὁπόταν
953 1140 1071 1215 μέντοι
1094 1144 1189 1222 φῶσι
1215 1138 1254 1198 τύ
1286 1137 1447 1220 σοφύν20

143 1236 181 1326 δή
199 1247 308 1316 τοῦτο,
332 1236 423 1303 διότι
438 1235 511 1302 δόσι
525 1236 842 1302 κατακολουθοῦντα
858 1246 915 1325 τῆι
930 1242 1033 1325 φύσει
1048 1233 1105 1324 ζῆν
1126 1239 1184 1300 καί
1198 1242 1272 1312 τοῖς
1286 1237 1397 1312 ἔθεσι,

141 1339 260 1428 μηδενί
282 1346 400 1420 μέντοι
416 1342 742 1423 συγκατατίθεσθαι,
765 1343 854 1403 πάνυ
870 1345 960 1416 τινές
982 1343 1070 1403 είσιν
1089 1340 1236 1425 εύήθεις.
1281 1342 1313 1401 εί
1333 1339 1396 1424 γὰρ

93 1457 121 1507 10
142 1441 261 1530 μηδενί
276 1443 393 1520 ἀλλωι,
416 1446 542 1506 τούτωι
555 1449 635 1524 γοῦν
650 1445 757 1506 αύτῶι
775 1438 832 1506 δεῖ
844 1442 1126 1524 συγκαταθόσθαι
1140 1443 1198 1504 καί
1210 1439 1398 1522 ὑπολαβεῖν

144 1549 251 1622 οὑτως
273 1548 360 1625 ἔχειν
379 1545 471 1608 αὑτό.
516 1546 551 1606 τί
573 1540 610 1606 δὲ
631 1541 760 1622 μᾶλλον
782 1553 839 1631 τήι
854 1547 957 1631 φύσει
980 1539 1037 1606 δεῖ
1051 1540 1320 1606 κατακολουθεῖν
1340 1542 1398 1604 καί

143 1653 217 1725 τοῖς
232 1650 333 1712 ἔθεσι
354 1649 374 1732 ἢ
399 1649 437 1710 ού
454 1643 516 1723 δεῖ,
538 1647 583 1731 μή
600 1641 735 1721 είδότας
755 1667 793 1729 γε
816 1643 855 1734 δή
871 1649 984 1732 μηθὲν
1005 1643 1091 1731 μηδὲ
1105 1648 1244 1725 ἔχοντάς
1265 1664 1300 1707 τι
1315 1646 1399 1707 δτωι

143 1757 336 1835 κρινοῦμενς
422 1750 528 1812 ἐκεῖνο
544 1747 605 1825 μὲν
627 1747 690 1830 γὰρ
712 1749 769 1810 καί
784 1751 1007 1812 παντάπασίν
1025 1749 1118 1810 ἐστιν
1133 1745 1282 1832 ήλίθιον,
1305 1748 1398 1809 ἐπει·
1408 1748 1448 1809 21

147 1847 208 1914 δάν
224 1849 367 1933 λέγωσιν
391 1852 445 1912 ὅτι
458 1849 620 1934 καθάπερ
643 1851 684 1913 τά
700 1845 898 1936 καθαρτικδ
911 1853 1072 1936 φάρμακα
1090 1851 1292 1933 συνεκκρίνει
1313 1849 1398 1927 μετὰ

95 1967 123 2017 15
145 1961 211 2016 τῶν
227 1953 494 2038 περιττωμάτων
508 1953 565 2014 καί
581 1953 694 2029 ἑαυτά,
717 1955 776 2014 τὸν
791 1954 893 2015 αὑτὸν
907 1955 1038 2036 τρόπον
1052 1952 1109 2014 καί
1132 1953 1151 2013 δ
1166 1953 1278 2014 πάντα
1294 1947 1400 2027 ἀξιῶν

147 2054 235 2118 εἶναι
258 2052 356 2137 λόγος
377 2049 485 2138 ἀδηλα
508 2055 593 2132 μετά
623 2061 691 2115 τῶν
720 2051 831 2117 ἀλλων
862 2056 1000 2140 ἀναιρεῖ
1023 2055 1081 2116 καί
1109 2057 1238 2117 ἑαυτόν.
1284 2054 1316 2115 εί
1335 2053 1399 2137 γάρ

147 2158 248 2231 αύτδς
271 2157 373 2218 αὑτὸν
395 2152 536 2237 ἐλέγχοι,
566 2151 700 2240 ληροῖεν
723 2157 763 2219 ἀν
798 2159 832 2220 ol
856 2160 1024 2242 χρώμενοι
1052 2160 1222 2220 τοιούτωι.
1266 2151 1400 2236 βέλτιον

147 2258 205 2321 οὑν
227 2259 368 2343 ήσυχίαν
390 2257 483 2338 άγειν
512 2258 635 2333 αύτούς
665 2259 722 2320 καλ
751 2256 837 2344 μηδὲ
865 2262 904 2321 τά
935 2262 1043 2337 στόμα
1071 2255 1226 2344 διαίρειν.
1313 2253 1398 2318 ἀλλά
1410 2256 1450 2317 22

145 2363 211 2446 μήν
234 2355 309 2422 οὐδ’
338 2362 457 2436 ὑμοιον
482 2360 552 2436 ἔχει
577 2379 612 2420 τι
640 2361 678 2420 τύ
707 2362 917 2446 καθαρτικὸν
947 2363 1125 2446 φάρμακον
1152 2362 1209 2423 καλ
1233 2363 1252 2423 δ
1273 2363 1401 2424 τούτων

96 2477 125 2526 20
147 2459 254 2544 λόγος.
300 2462 338 2523 τύ
366 2461 428 2539 μὲν
456 2460 519 2547 γάρ
548 2461 727 2545 φάρμακον
753 2464 939 2549 ἐκκρίνεται
966 2463 1028 2525 κάν
1056 2467 1129 2538 τοῖς
1159 2465 1314 2543 σώμασιν
1343 2463 1402 2542 ούχ

146 2566 319 2643 ὑπομένει,
342 2564 401 2625 τόν
415 2567 533 2642 μέντοι
556 2560 654 2646 λόγον
677 2566 711 2627 ἐν
735 2570 811 2641 ταῖς
825 2571 953 2647 ψυχαῖς
967 2567 1131 2650 ὑπάρχειν
1152 2561 1209 2627 δεῖ
1226 2568 1285 2627 τὸν
1300 2564 1401 2624 αὑτὸν

149 2668 228 2729 ύντα
251 2666 308 2727 καί
324 2668 568 2744 πιστευόμενον
591 2666 660 2727 ἀεί·
683 2667 864 2751 μόνοςγάρ
881 2664 980 2741 οὑτος
1002 2666 1054 2751 εἴη
1078 2668 1119 2728 ἀν
1142 2667 1287 2728 ὑποιῶν
1302 2665 1403 2744 ἀσυγ-

147 2769 367 2841 καταθίταυς.
456 2769 510 2829 ὅτι
532 2757 565 2828 δ’
591 2768 649 2846 ούχ
665 2768 738 2831 οίόν
754 2788 790 2830 τε
812 2770 870 2830 τύν
887 2769 1075 2853 ἄνθρωπον
1098 2763 1287 2844 ἀδόξαστον
1313 2763 1402 2828 εἶναι
1411 2766 1452 2826 23

149 2872 206 2933 καί
229 2864 292 2931 ὡδί
314 2870 513 2946 καταμάθοι
542 2888 595 2943 τις
617 2871 667 2931 ἀν.
713 2865 880 2932 ἀδύνατον
908 2870 970 2953 γάρ
1001 2872 1059 2931 τόν
1082 2869 1334 2948 αἰσθανόμενον
1355 2870 1400 2954 μή

98 2988 128 3037 25
150 2972 410 3035 αἰσθάνεσθαι·
441 2970 480 3031 τδ
505 2960 536 3031 δ’
563 2971 801 3034 αἰσθάνεσθαι
830 2967 1003 3058 γνωρίζειν
1024 2990 1059 3032 τι
1079 2966 1129 3054 ήν.
1175 2967 1265 3033 διότι
1287 2967 1403 3033 δὲκαὶ

149 3076 305 3137 πιστεύει
332 3079 389 3157 τῆι
418 3072 584 3155 αίσθήσει
613 3078 702 3135 πᾶσι
730 3076 890 3159 φανερόν·
928 3072 1165 3157 ἀκριβέστερον
1192 3073 1255 3158 γάρ
1288 3070 1403 3135 θέλων

151 3173 235 3240 ίδεῖν
258 3178 420 3259 άπέψνγσε
443 3175 490 3236 τὼ
513 3171 686 3260 ὀφθαλμώ
710 3176 768 3238 καί
783 3172 983 3261 προσῆλθεν
1005 3175 1179 3259 ἐγγύτερον
1200 3176 1258 3237 καί
1279 3172 1403 3260 ἐπηλυ-

149 3282 288 3362 γάσατο.
374 3277 432 3338 καί
452 3278 518 3361 μήν
533 3271 694 3360 ήδόμενοί
714 3298 752 3359 γε
773 3280 830 3340 καί
845 3284 1029 3351 πονοῦντες
1053 3276 1164 3355 ἴσμεν·
1188 3279 1228 3340 οὑ
1242 3278 1305 3363 γάρ
1329 3278 1402 3341 οίόν
1413 3275 1454 3336 24

151 3401 186 3443 τε
213 3383 271 3444 τδν
300 3377 520 3461 καιόμενσνή
550 3380 751 3457 τεμνόμενον
778 3380 919 3462 ἀγνοεῖν.
964 3380 1026 3453 τὰς
1055 3375 1092 3441 δὲ
1119 3376 1158 3465 δή
1187 3382 1320 3465 μνήμας
1347 3382 1404 3442 καί

99 3498 129 3547 30
152 3484 212 3558 τάς
228 3482 431 3566 ἀναμνήσεις
454 3480 506 3554 τίς
529 3480 587 3542 οὑκ
610 3480 651 3542 ἀν
674 3483 760 3566 φαίη
775 3472 858 3561 μεθ’
883 3479 1093 3566 ὑπολήψεως
1107 3482 1302 3563 γίγνεσθαι;
1323 3482 1404 3566 περί

150 3587 212 3663 μὲν
233 3586 295 3669 γάρ
319 3590 386 3645 τῶν
408 3589 529 3644 καινῶν
545 3582 692 3659 ἐννοιῶν,
717 3585 771 3646 δτι
793 3587 831 3646 τὸ
847 3591 1002 3646 τοιοῦτον
1017 3583 1205 3662 ἅνθρωπός
1228 3585 1330 3661 ἐστιν,
1352 3586 1405 3646 ἔτι

153 3682 188 3749 δὲ
212 3687 292 3771 περί
316 3692 382 3747 τῶν
410 3686 609 3767 ἐπιστημῶν
637 3685 693 3746 καί
716 3693 849 3765 τεχνῶν,
878 3687 912 3747 τί
940 3683 1033 3767 λέγοι
1054 3704 1107 3758 τις
1134 3686 1193 3760 δν;
1223 3681 1319 3748 οὐδὲν
1341 3686 1404 3771 γάρ

151 3784 191 3873 ήν
207 3790 346 3864 τούτων,
368 3788 400 3847 εί
412 3788 457 3871 μή
475 3786 699 3870 ἐπεφύκειμεν
718 3786 981 3868 ὑπολαμβάνειν.
1015 3777 1093 3847 ἀλλ’
1110 3788 1213 3868 ἔγωγε
1228 3789 1272 3850 ἐῶ
1288 3784 1404 3849 τᾶλλα.

153 3896 226 3967 τοῖς
242 3894 360 3970 μέντοι
375 3882 573 3971 λεγομένοις
587 3889 656 3950 ὑπὸ
673 3893 801 3953 τούτων
823 3892 882 3952 ἐάν
904 3910 940 3951 τε
956 3892 1170 3967 πιστεύωμεν
1192 3891 1251 3951 δάν
1272 3910 1308 3952 τε
1324 3890 1405 3951 ἀπι-

102 4008 132 4059 35
156 4001 296 4071 στῶμεν,
320 3992 510 4071 ἀναγκαίως
532 3992 600 4068 ἔχει
623 3986 775 4067 δοξάζειν
800 3993 927 4084 πάντήι
948 4011 984 4053 τε
1005 3992 1063 4053 καί
1085 3992 1233 4066 πάντως.

256 4110 271 4160 3
290 4100 363 4163 ελναι
375 4121 429 4161 om.
443 4104 492 4161 OG
560 4110 575 4160 3
595 4100 629 4162 οὑ
647 4102 703 4177 γάρ
716 4104 766 4161 OG
834 4109 849 4159 6
868 4104 943 4177 λέγει
954 4108 1003 4161 καί
1014 4105 1050 4162 G:
1066 4109 1116 4163 καί
1127 4106 1203 4177 λέγει
1214 4106 1313 4175 vulgo:
1331 4105 1406 4177 λέγει

154 4194 288 4255 (oman
307 4189 374 4257 (ειν)
453 4184 624 4247 vamme
687 4185 793 4247 ειιόιι
813 4188 873 4245 σοι
893 4178 940 4246 λιι
956 4192 1039 4245 ικαὶ
1108 4194 1139 4245 10
1157 4190 1218 4247 ιειι
1235 4190 1406 4262 wymun-

155 4274 312 4330 θεσθαιΕΙ
381 4280 413 4330 12
430 4279 478 4333 καί
491 4284 553 4343 τοῖς
565 4271 645 4334 ἔθεσι
656 4282 721 4332 ante
737 4279 780 4332 δεῖ
790 4274 866 4341 (mm
937 4279 967 4329 1⁷
985 4272 1153 4347 δλέγχειΟῈ
1222 4279 1253 4330 1“ί
1271 4269 1407 4333 τοιαὺτωι

155 4356 217 4414 OG:
235 4353 340 4416 τοὺτωι
358 4361 440 4416 οείεά
526 4366 558 4416 23
578 4356 692 4420 οἷόντε
712 4359 826 4416 CDEG:
851 4357 964 4417 οἴονται
981 4359 1069 4431 vulgo
1155 4364 1188 4414 25
1207 4353 1253 4418 ὅτι
1268 4360 1356 4430 vulgo

156 4446 188 4497 2⁷
211 4439 411 4515 διιηλυγάσατο
434 4444 495 4501 OG:
518 4442 702 4517 διτιλυγίσατο
725 4445 762 4499 Ει
784 4442 966 4502 δαιλίσατοΙ
1068 4448 1101 4500 28
1125 4437 1159 4502 οὑ
1181 4444 1235 4514 μὲν
1255 4442 1312 4515 γὰρ
1334 4444 1373 4499 EI

157 4532 186 4581 31
208 4522 338 4593 ἐννοιῶν]
357 4528 457 4585 αίτιιὺν
474 4527 523 4584 OG

1152 4617 1204 4671 12*
