3500 5075
382 323 603 381 DOCTRINAE
621 329 653 380 86
674 325 868 390 [THEOPHR.
880 326 915 382 D.
928 326 1026 384 SENS.
1040 332 1158 392 19-241.
1177 332 1277 384 81-92
1397 331 1457 389 103

203 513 273 564 ρους
296 489 370 564 ἔχειν
394 485 540 564 άοράτους
560 494 614 564 μέν
637 489 682 552 διά
703 488 873 566 μικρότητα,
895 494 1020 564 πυκνούς
1041 497 1142 554 δὲκαὶ
1163 495 1239 556 κατά
1261 507 1388 570 στοῖχον,
1409 504 1459 565 καὶ

201 581 312 649 μᾶλλον
330 573 405 650 ἔχειν
422 576 459 636 τά
470 582 594 652 διαφανῆ
607 581 725 648 μᾶλλον.
761 579 790 638 ολ
806 581 859 650 μὲν
878 571 930 640 ούν
947 579 996 640 ἐπί
1005 603 1092 640 τινων
1109 573 1185 641 ούτω
1198 580 1342 654 διώρισαν,
1358 578 1458 657 ῶσπερ

201 666 251 721 καί
265 655 311 730 E,
329 661 363 722 ού
374 660 468 734 μόνον
484 661 604 724 ἐπὶτῶν
617 661 782 723 ποιούντων
797 669 847 723 καί
858 661 1042 738 πασχόντων,
1058 663 1132 726 άλλύι
1148 671 1198 726 καί
1215 670 1389 740 μείγνυσθαι
1405 692 1457 742 φη·

203 768 250 806 σιν
267 750 316 814 [sio
326 749 358 815 L]
379 743 458 807 ὅσων
484 747 512 807 ολ
536 739 627 821 πόροι
649 745 807 823 σύμμετροι
825 747 902 824 πρὸς
923 744 1064 824 άλλὴλους
1081 753 1162 810 εἰσίν.
1196 753 1317 810 Ρτωιοε.
1335 754 1373 811 εδ
1389 754 1416 810 h.
1434 771 1457 811 ε.

166 839 181 890 5
201 849 229 904 p.
242 837 328 901 160‚3
347 833 440 890 wtoui
457 826 627 907 άναγκαίον,
644 837 723 907 φησί,
741 839 794 892 τῶι
805 829 991 905 Ἐμπεδοκλεῖ
1005 837 1098 910 λέγειν
1114 833 1190 896 εἶναί
1206 858 1270 897 τινα
1287 835 1393 910 στερεά
1408 844 1458 897 καὶ

203 913 353 991 ἀδιαίρετα
375 913 420 976 διά
439 917 474 976 τό
493 918 531 990 μὴ
550 914 622 977 είναι
644 918 748 993 πάντηι
770 922 823 980 τοῦ
841 914 978 990 σώματος
995 917 1106 995 πόρους
1124 931 1259 994 συνεχεῖς.
1294 929 1382 982 τοῦτο
1400 921 1458 997 γάρ

203 997 358 1062 άδύνατον·
378 999 473 1074 πόρος
489 1000 547 1076 γὰρ
565 999 602 1063 άν
620 999 662 1076 εἴη
680 999 715 1062 τὸ
731 1007 791 1062 πάν
803 1008 888 1074 σῶμα
905 1006 954 1063 κἀί
966 1003 1061 1065 κενόν.
1091 1000 1168 1066 ώστε
1185 1009 1214 1066 εί
1229 1011 1316 1066 τοῦτο
1334 1006 1458 1077 άτοπον,

203 1083 313 1162 άνάγκη
331 1084 366 1146 τά
389 1089 442 1159 μὲν
465 1083 618 1158 ἁπτόμενα
640 1084 730 1159 μόρια
752 1092 806 1147 τοῦ
823 1086 960 1160 σώματος
977 1087 1082 1164 στερεά
1108 1088 1181 1150 εἶναι
1198 1087 1356 1168 άδιαίρετα,
1373 1094 1409 1152 τά
1428 1094 1458 1152 δέ

202 1171 309 1242 μεταξύ
326 1165 422 1232 αύτόῖν
439 1167 518 1240 κενά,
537 1167 587 1241 ούς
602 1166 638 1232 Ἐ.
656 1170 789 1247 πόρους
801 1171 947 1233 ἐκάλεσεν.
976 1176 1015 1232 ib.
1029 1181 1114 1244 178,2
1132 1173 1215 1244 ἴσμεν
1232 1178 1261 1235 δέ
1280 1169 1327 1236 ότι
1345 1177 1373 1236 σί
1391 1175 1458 1245 τοὺς

153 1264 181 1315 10
202 1254 313 1332 πόρους
330 1258 537 1328 ὑποτιθέμεναι
554 1251 589 1316 ού
600 1254 708 1326 -κενοίις
723 1255 895 1330 ύπετίθεντο
913 1256 1042 1327 τούτους,
1059 1255 1133 1320 άλλά
1153 1263 1395 1336 πεπληρωμένους
1412 1268 1457 1321 λε·

203 1345 436 1417 πτομερεστέρου
452 1344 532 1411 τινὸς
544 1340 681 1414 σώματος
698 1338 763 1401 οίον
775 1337 872 1417 άέρος.
902 1341 999 1418 ταύτηι
1021 1344 1080 1419 γάρ
1091 1346 1226 1420 διέφερον
1242 1352 1301 1405 τῶν
1317 1343 1353 1405 τὸ
1370 1345 1458 1406 κενόν

202 1427 428 1498 ὑποτιθεμένων.

305 1535 346 1586 88.
363 1530 439 1586 Art.
456 1530 497 1587 IV
511 1534 577 1610 14,1
595 1529 642 1594 (D.
653 1533 714 1596 405)
733 1535 798 1603 περί
816 1537 1019 1608 κατοπτρικῶν
1036 1528 1199 1605 ἐμφάσεων.
1233 1526 1268 1590 Ἔ.
1280 1527 1346 1591 κατ’
1366 1527 1457 1605 άπορ

204 1617 286 1687 ροίας
303 1612 355 1681 τάς
372 1615 578 1684 συνισταμένας
594 1614 648 1684 μὲν
664 1612 712 1672 ἐπί
728 1617 779 1687 τῆς
790 1613 960 1688 ἐπιφανείας
976 1621 1030 1676 τοῦ
1043 1612 1221 1689 κατόπτρου,
1239 1618 1410 1688 πιλουμένας
1427 1613 1456 1676 δ’

153 1706 182 1758 15
202 1695 258 1758 ύπό
278 1704 332 1758 τοῦ
341 1698 547 1772 ἐκκρινομένου
563 1697 598 1758 ἐκ
615 1703 668 1758 τοῦ
678 1699 848 1771 κατόπτρου
865 1698 1014 1774 παρόδοις
1030 1706 1079 1760 καί
1096 1699 1151 1760 τόν
1162 1705 1357 1775 προκείμενον
1374 1695 1457 1776 άέρα,

203 1786 244 1852 είς
262 1763 299 1844 ὅθ
315 1785 433 1860 φέρεται
451 1780 488 1844 τά
506 1781 645 1857 ῥεύματα,
663 1787 946 1860 συμμεταφέροντος.

306 1909 347 1962 99.
365 1905 461 1962 Am.
474 1911 579 1975 quaest„
591 1904 619 1960 II
631 1909 663 1960 23
681 1909 762 1975 p.'12,
775 1909 791 1960 9
808 1904 900 1962 Βταιιε
916 1905 1106 1976 (probabiliter
1122 1906 1286 1977 el'neophr.
1297 1906 1382 1979 Phys,
1395 1906 1456 1977 Op.)

203 1993 270 2063 περί
286 1995 336 2062 τῆς
349 1985 516 2063 Ἡρακλείας
533 1993 619 2048 λίθου
636 1987 680 2048 διὰ
699 1991 729 2048 τί
745 1989 820 2048 ἕλκει
843 1987 899 2048 τόν
916 1993 1041 2064 σίδηρον.
1075 1988 1113 2048 Ἐ.
1129 1991 1183 2061 μέν
1201 2000 1264 2058 ταῖς
1281 1993 1458 2064 άπορροίαις

203 2083 267 2141 ταῖς
285 2067 532 2147 ἄπ’-άμφατέρων
556 2078 605 2133 καί
627 2083 688 2142 τοῖς
706 2071 811 2146 πόροις
831 2085 896 2142 τοῖς
921 2080 971 2148 τῆς
988 2077 1072 2132 λίθου
1098 2074 1270 2149 συμμέτροις
1288 2065 1369 2133 ούσιν
1393 2085 1457 2142 ταῖς

152 2165 182 2216 20
203 2155 263 2219 άπό
282 2163 334 2218 τοῦ
346 2156 462 2232 σιδάρου
479 2159 534 2220 τόν
546 2162 665 2234 σίδηρον
676 2160 819 2232 φέρεσθαι
836 2161 912 2232 λέγει
930 2157 1006 2230 πρός
1023 2156 1075 2227 τὴν
1086 2161 1185 2236 λίθον·
1203 2159 1234 2218 αί
1250 2160 1304 2230 μέν
1315 2159 1373 2233 γάρ
1391 2157 1457 2218 τού·

202 2265 256 2304 του
272 2239 433 2319 άπόρροιαι
449 2243 504 2304 τὸν
526 2239 598 2316 άίρα
615 2245 671 2303 τόν
692 2243 739 2302 ἐπὶ
762 2255 824 2313 ταῖς
846 2249 901 2304 τοῦ
921 2241 1039 2316 σιδάρου
1059 2240 1165 2315 πόροις
1182 2237 1339 2304 άπωθοῦσί
1360 2265 1391 2303 τε
1408 2249 1457 2302 καί

202 2334 312 2388 κινοῦσι
328 2333 384 2388 τὸν
395 2327 647 2401 ἐπιπωματίζοντα
659 2324 776 2398 αύτούς·
795 2326 901 2389 τούτου
918 2330 949 2388 δέ
958 2328 1157 2402 χωρισθέντος
1174 2325 1286 2402 άθρδαι
1297 2328 1458 2403 άπορροίαι

203 2414 318 2490 ρεσύσηι
346 2411 399 2472 τόν
417 2418 535 2488 σίδηρον
556 2411 689 2473 ἕπεσθαι·
712 2416 884 2490 φερομένων
906 2415 936 2473 δὲ
952 2419 1014 2472 τῶν
1035 2407 1089 2472 ἄπ’
1112 2407 1201 2472 αύτοῦ
1223 2409 1394 2488 άπαρραιῶν
1410 2412 1457 2471 ἐπὶ

203 2497 271 2569 τοὺς
288 2505 339 2573 τῆς
356 2502 441 2558 λίθου
452 2497 571 2571 πόρους,
589 2501 634 2560 διά
652 2497 688 2559 τό
701 2500 880 2573 συμμέτρους
896 2519 928 2559 τε
946 2492 1046 2567 αύτοῖς
1063 2494 1136 2558 εἶναι
1153 2503 1203 2557 καί
1218 2495 1391 2571 ἐναρμόζειν
1408 2504 1456 2558 καί

152 2591 182 2642 25
202 2585 257 2645 τὸν
273 2588 392 2659 σίδηρον
409 2586 462 2645 σύν
478 2596 542 2654 ταῖς
559 2580 734 2660 άπαρροίαις
751 2583 874 2645 ἕπεσθαί
891 2606 924 2645 τε
941 2588 989 2645 καί
1007 2584 1148 2656 φέρεσθαι
1165 2585 1210 2651 [σί.
1227 2585 1265 2641 εδ
1280 2584 1315 2640 fr.
1327 2590 1380 2651 91].

306 2708 347 2759 99.
365 2706 439 2761 Am.
451 2705 489 2760 1v
501 2710 554 2772 9,6
572 2705 617 2767 (D.
627 2709 687 2771 997)
706 2708 891 2777 Παρμενίδης,
907 2698 953 2771 Ἐ.,
965 2697 1163 2777 Ἀναξαγόρας,
1181 2701 1370 2775 Δημόκριτος,
1380 2696 1456 2761 Ἐπί-

204 2810 319 2862 κσυρος,
332 2784 511 2863 Ἡρακλείδης
528 2786 607 2865 παρὰ
626 2790 678 2857 τάς
696 2792 872 2861 συμμετρίας
889 2794 949 2847 τῶν
964 2784 1069 2863 πόρων
1085 2785 1138 2856 τάς
1154 2782 1230 2846 κατὰ
1247 2787 1337 2860 μέρος
1354 2786 1455 2860 αἰσθά-

203 2895 263 2942 σεις
287 2878 419 2949 γίνεσθαι
446 2879 498 2933 τοῦ
524 2874 633 2933 οίκείου
658 2879 718 2933 τῶν
749 2874 896 2947 αἰσθητῶν
922 2870 1048 2932 ἑκάστου
1073 2869 1189 2945 έκάστηι
1214 2869 1455 2944 ἐναρμόττοντος.

203 2959 277 3016 Art.
295 2960 335 3017 lv
349 2965 416 3029 13,4
434 2960 480 3027 (Ι).
492 2964 552 3026 493)
568 2953 604 3017 'E
622 2955 760 3030 καὶπρὸς
777 2956 812 3017 τὸ
832 2956 876 3017 διά
895 2963 955 3016 τῶν
974 2950 1101 3016 άκτίνων
1117 2962 1166 3016 καί
1187 2955 1264 3032 πρὸς
1280 2956 1323 3038 τὸ·
1334 2953 1380 3014 διά
1397 2962 1456 3014 τῶν

152 3052 182 3102 99
203 3043 328 3103 εἰδώλων
344 3043 466 3119 ἐκδοχάς
486 3046 642 3120 παρέχεται
665 3045 731 3110 [scil.
750 3048 809 3102 τῶν
834 3040 967 3115 ὁρατῶνλ
1003 3044 1119 3110 πλείους
1135 3042 1166 3101 δὲ
1184 3042 1259 3113 πρὸς
1273 3040 1351 3113 (τά)
1365 3038 1456 3100 δεύτε-

205 3147 270 3203 ρον·
289 3128 341 3197 τάς
357 3128 414 3202 γὰρ
433 3124 596 3204 άπορροίας
612 3129 793 3201 ἀποδέχεται.

307 3256 348 3306 91.
366 3252 466 3307 Amet.
485 3251 520 3307 de
537 3265 620 3307 sensu
637 3254 662 3305 2.
679 3249 770 3305 437¹>9
789 3248 833 3315 (δε
849 3249 916 3319 igne
932 3263 967 3303 ex
984 3245 1066 3303 oculo
1083 3245 1207 3312 saliente)
1224 3243 1341 3312 ἐκείνως
1358 3240 1386 3301 δ’
1405 3239 1454 3303 αύ-

203 3334 254 3404 τός
271 3332 363 3393 «fabr
380 3330 449 3408 όράι
467 3329 484 3393 ό
504 3328 667 3407 ὀφθαλμός,
685 3328 785 3406 ώσπερ
802 3337 851 3390 καί
867 3331 901 3391 έν
917 3337 962 3405 τη”ι
979 3325 1148 3397 άνακλάσει,
1164 3328 1227 3389 ἐπεί
1244 3328 1276 3388 εί
1287 3351 1321 3403 γε
1339 3334 1396 3400 πῦρ
1413 3321 1456 3401 ἦν,

202 3417 338 3491 καθάπερ
355 3413 390 3478 Ἑ.
403 3422 474 3493 φησί
491 3460 518 3477 ..
533 3461 540 3475 .
558 3422 606 3477 καί
618 3418 767 3493 συνέβαινε
778 3412 813 3476 τὸ
828 3414 903 3487 ὁρᾶν
914 3411 1046 3483 ἐξιόντος
1056 3408 1155 3487 ὥσπερ
1172 3413 1206 3474 ἐκ
1219 3419 1387 3485 λαμπτῆρος
1404 3418 1457 3471 τοῦ

152 3512 183 3561 35
203 3502 303 3578 φωτός
319 3505 362 3571 [fr.
375 3509 417 3572 θλ,
429 3510 464 3572 31,
482 3500 526 3563 διὰ
544 3507 572 3561 τί
584 3502 619 3563 ού
630 3506 679 3561 καί
696 3502 728 3561 ἐν
745 3506 799 3561 τῶι
810 3498 911 3561 σκότει
922 3497 1000 3574 ἑώρα
1012 3497 1050 3559 άν
1066 3499 1083 3573 ά
1097 3496 1182 3572 dmm
1198 3500 1240 3555 In.
1252 3499 1288 3555 de
1299 3515 1361 3569 gen.
1373 3498 1456 3553 anim.

202 3592 264 3649 El.
284 3593 346 3648 ⁷79⁵
358 3597 389 3647 15
413 3586 448 3649 τό
471 3590 526 3660 μέν
549 3578 600 3647 ούν
622 3580 838 3661 ὑπολαμβάνειν
854 3586 892 3645 τά
913 3587 967 3657 μέν
983 3584 1093 3658 γλαυκὰ
1117 3590 1164 3652 [τε.
1183 3580 1310 3653 ὄμματα]
1333 3578 1456 3654 πυρώδη,

202 3673 339 3751 καθάπερ
354 3669 391 3734 ‘a
409 3694 502 3748 φησιν,
519 3670 554 3732 τά
573 3673 603 3731 δέ
623 3672 733 3742 μέλανα
750 3677 851 3731 πλεῖον
867 3662 972 3737 ύδατος
989 3666 1065 3741 ἔχειν
1080 3664 1100 3741 ἢ
1116 3667 1217 3741 πυρός,
1238 3672 1286 3725 καί
1304 3668 1349 3726 διά
1366 3670 1455 3725 τοῦτο

202 3762 239 3822 τά
256 3763 309 3833 μέν
320 3757 427 3834 ἡμέρας
446 3754 499 3818 ούκ
517 3752 567 3827 άξίι
577 3758 703 3832 βλέπειν,
720 3754 757 3815 τά
774 3753 894 3830 γλαυκά,
912 3750 951 3829 δι’
963 3752 1073 3812 ἔνδειαν
1083 3748 1196 3821 ὕδατος,
1213 3748 1326 3823 θάτερα
1344 3751 1375 3809 δὲ
1392 3747 1456 3808 νύκ-

203 3869 265 3921 τωρ
283 3841 320 3905 δι’
338 3844 447 3905 ένδειαν
464 3842 564 3917 πυρός,
587 3836 621 3902 ού
639 3842 751 3914 λέγεται
777 3845 882 3909 καλῶς,
905 3860 987 3914 επερ
1003 3840 1042 3911 μὴ
1061 3834 1152 3908 πυρὸς
1174 3833 1227 3910 τὴν
1250 3834 1321 3909 άφιν
1343 3835 1456 3901 θετέον,

152 3936 182 3987 59
203 3926 255 3991 άλλ
286 3924 390 4000 ύδατος
407 3934 503 3989 πᾶσιν.

306 4056 348 4109 92.
365 4052 462 4107 Pmo
479 4049 561 4105 Meno
577 4063 604 4118 p.
617 4044 682 4103 wc
707 4040 808 4102 Βούλει
825 4034 877 4103 σύν
895 4063 942 4103 σοι
963 4038 1038 4101 κατά
1060 4042 1188 4112 Γοργίαν
1206 4034 1411 4111 ἀποκρίνωμαι
1428 4016 1456 4110 ἐμ

203 4120 240 4197 άν
262 4122 297 4195 σύ
318 4132 442 4207 μάλιστα
466 4127 693 4205 άκολουθὴσαις;
712 4159 746 4170 -
764 4127 923 4198 Βούλομαι·
946 4132 1009 4197 πῶς
1031 4126 1088 4201 γάρ
1112 4122 1155 4184 ού.
1174 4154 1209 4165 -
1227 4118 1337 4183 Ου’κούν
1359 4122 1456 4195 λέγετε

204 4216 356 4295 άπορροάς
372 4239 452 4287 τινας
469 4223 529 4277 τῶν
547 4216 642 4276 ὄντων
658 4213 734 4273 κατά
743 4208 934 4284 Ἐμπεδοκλέα
939 4240 950 4284 ,·
966 4244 1002 4255 -
1019 4208 1142 4284 Σφόδρα
1159 4229 1200 4282 γε.
1217 4239 1253 4249 -
1271 4211 1328 4267 Καὶ
1345 4203 1457 4279 πόρους

203 4306 245 4375 είς
262 4300 312 4373 ούς
328 4310 377 4363 καί
394 4301 432 4363 δι’
450 4286 491 4363 ῶν
509 4302 538 4361 αλ
556 4296 715 4375 άπόρροιαι
738 4295 931 4371 πορεύονταις
949 4328 984 4339 -
1001 4294 1083 4357 Πάνυ
1099 4315 1141 4369 γε.
1159 4326 1193 4335 -
1212 4297 1268 4353 Καί
1288 4297 1346 4353 τῶν
1363 4286 1455 4366 άπορ-

151 4396 182 4448 45
203 4396 283 4463 ροῶν
298 4391 351 4458 τάς
367 4390 421 4461 μέν
437 4384 593 4463 άρμάττειν
609 4386 698 4454 ἐνίοις
719 4388 779 4444 τῶν
795 4381 907 4456 πόρων,
928 4384 981 4450 τάς
997 4384 1028 4442 δέ
1045 4376 1184 4449 ἐλάττους
1200 4376 1220 4452 ἧ
1235 4380 1352 4451 μείζους
1369 4373 1457 4447 είναι,·

204 4506 238 4517 -
250 4472 327 4535 Ἐστι
344 4479 443 4533 ταῦτα.
461 4504 496 4515 -
514 4466 623 4533 Ούκοῦυ
644 4476 692 4531 καί
717 4467 788 4543 ὄφιν
807 4474 906 4537 καλεῖς
927 4490 969 4534 τις
985 4498 1020 4509 -
1036 4465 1152 4540 Ἔγωγε.
1170 4494 1205 4505 -
1220 4459 1268 4521 Ἐκ
1288 4465 1402 4523 τούτων
1423 4460 1456 4533 δὴ
