3500 5075
9 915 24 980 ί

431 269 470 324 A.
487 268 587 325 TEST.
605 269 724 326 VITAE
741 275 783 326 11.
817 270 1031 328 DochmAE
1048 277 1159 329 28-35.
1381 275 1422 335 89

168 437 205 498 τά
221 433 298 497 κατὰ
321 438 375 511 τῆν
397 443 457 512 γῆν,
477 434 560 505 ὄντες
575 445 715 499 πλεῖστοι.
751 430 838 508 ούτος
854 435 907 514 τῆν
925 445 978 499 τοῦ
1000 441 1112 508 παντός
1135 435 1228 515 άρχῆν
1246 449 1352 511 Νεῖκος
1373 450 1423 503 καί

169 526 272 583 Φιλίαν
290 519 344 598 ἔφη
360 527 409 582 καλ
425 519 461 582 τὸ
481 529 530 598 τῆς
541 523 669 595 μονάδος
686 522 792 599 νοερὸν
808 531 866 599 πῦρ
883 522 1023 585 τὸνθεόν
1039 531 1089 584 καί
1100 524 1269 587 συνεστάναι
1285 528 1320 587 ἐκ
1331 530 1424 604 πυρός

168 601 204 664 τά
222 603 318 667 πάντα
336 614 386 667 καλ
403 610 443 676 είς
461 613 518 684 πύρ
536 606 778 684 άναλνθῆσεσθαι.
808 601 844 669 όι
860 607 967 684 σχεδὸν
982 615 1032 670 καί
1050 611 1078 670 ολ
1096 617 1222 672 Στωικοί
1240 618 1422 675 συντίθενται

169 688 291 765 δόγματι
308 690 472 768 ἐκπύρωσιν
494 699 736 768 προσδοκῶντες.
781 693 907 767 μάλιστα
926 697 957 755 δὲ
972 694 1093 756 πάντων
1114 702 1359 772 συγκατατίθεται
1375 706 1420 772 τῆι
1440 705 1456 755 1

138 777 426 849 δμετενσωμιιταύσει
450 772 544 850 ούτως
570 776 660 840 είπιόν
672 777 709 853 ιῆ
714 801 769 839 τοι
780 813 815 823 -
827 779 941 855 ἰχθύς’
959 783 1001 850 [ίι.
1020 789 1087 850 1111.
1158 775 1244 854 ούτος
1267 783 1363 854 πάσας
1381 784 1422 854 είς
1438 789 1455 839 3

168 861 264 923 πάντα
282 861 317 923 τά
336 869 408 936 ζωια
426 864 631 936 μεταλλάττειν
649 863 711 926 εἶπε
728 863 781 934 τάς
799 863 902 940 ψυχάς.
936 864 1060 942 καὶγὰρ
1086 863 1103 928 ό
1122 869 1235 929 τούτων
1252 869 1424 939 διδάσκαλος

169 947 345 1024 Πυθαγόρας
362 947 416 1025 ἔφη
432 949 537 1010 ἑαυτὸν
556 950 716 1026 Εὔφορβον
731 953 882 1027 γεγονέναι
900 947 953 1011 τὸν
969 952 1018 1012 ἐπί
1033 952 1117 1013 Ἱλιον
1129 955 1349 1030 στρατεύσαντα
1367 955 1423 1030 φά·

170 1056 249 1094 σκων
265 1033 464 1112 ἐπιγινώσκειν
481 1038 534 1112 τῆν
551 1032 668 1096 άσπίδα.

272 1156 522 1224 ³2.Am.17,28
547 1159 591 1224 [D.
604 1163 654 1214 ³03
672 1157 707 1215 οί.
725 1158 801 1215 stob.
819 1158 892 1226 1³⁵,
910 1162 941 1213 17
952 1159 1005 1223 Ἡ
1027 1152 1233 1234 (Ἐμπεδοκλῆς
1255 1168 1425 1236 σφαιροειδῆ

119 1241 146 1292 10
169 1245 218 1300 καὶ
237 1237 330 1302 άίδιον
347 1246 396 1300 καί
415 1237 551 1318 α’κίνητον
568 1244 602 1302 τό
622 1241 668 1308 ἐν)
686 1247 735 1302 καί
754 1243 788 1301 τό
808 1244 862 1315 μέν
879 1239 911 1301 ἓν
928 1239 981 1316 τῆν
997 1239 1133 1318 άνάγκην,
1150 1239 1219 1320 ύλην
1236 1246 1266 1305 δὲ
1284 1243 1370 1321 αύτῆς
1386 1248 1423 1309 τά

170 1325 294 1402 τέτταρα
313 1337 451 1400 στοιχεῖα,
468 1325 527 1402 είδη
543 1330 574 1388 δὲ
591 1328 625 1388 τό
641 1335 748 1397 Νεῖκος
764 1332 814 1388 καλ
830 1323 884 1401 τῆν
897 1329 1010 1388 Φιλίαν.
1039 1331 1114 1402 λέγει
1131 1333 1162 1390 δὲ
1178 1329 1275 1392 καὶτὰ
1293 1345 1422 1408 στοιχεῖα

166 1409 256 1480 θεούς
273 1417 322 1471 καὶ
339 1409 374 1472 τό
392 1423 483 1487 μῖγμα
501 1412 615 1474 τούτων
633 1414 686 1474 τόν
702 1416 818 1485 κόσμον
833 1418 885 1472 καλ
905 1413 982 1489 πρός
999 1412 1132 1485 τ<οότοις
1149 1412 1203 1474 τὸν
1221 1422 1366 1491 Σφαῖρον,
1383 1420 1424 1487 είς

169 1491 204 1555 δν
216 1493 312 1556 πάντα
325 1494 422 1564 ταύτ)’
434 1496 655 1572 άναλοθῆσεται,
673 1499 709 1559 τδ
722 1501 879 1570 μονοειδές.
908 1503 958 1558 καὶ
974 1501 1059 1569 θείας
1074 1501 1128 1571 μὲν
1140 1498 1232 1560 οἴεται
1249 1503 1302 1570 τάς
1319 1496 1422 1576 ψυχάς,

170 1586 270 1651 θείους
287 1584 317 1642 δέ
335 1588 384 1642 καί
402 1582 470 1652 τούς
486 1587 663 1659 μετέχοντας
681 1583 778 1645 αύτιδν
794 1583 945 1660 καθαρούς
961 1591 1110 1660 καθαρῶς.

118 1717 146 1768 15
269 1705 512 1774 33.Am.1³,20
531 1706 576 1773 [D.
588 1710 649 1773 181]
670 1700 717 1775 Ἔ,
735 1707 877 1774 Μέτωνος
893 1699 1113 1782 Ἀκραγαντῖνος
1136 1709 1260 1780 τέτταρα
1277 1709 1331 1779 μὲν
1347 1709 1423 1781 λέγει

168 1802 307 1865 στοιχεῖα,
324 1797 381 1866 πῦρ
399 1788 473 1864 α’έρα
491 1785 567 1867 ύδωρ
584 1797 646 1866 γῆν.
663 1790 713 1852 δύο
732 1794 763 1852 δὲ
774 1786 899 1869 α’ρχυιάς
920 1789 1060 1863 δυνάμεις,
1078 1796 1182 1852 Φιλίαν
1199 1815 1231 1852 τε
1247 1798 1297 1852 καί
1308 1800 1423 1863 Νεῖκος.

168 1869 210 1935 τόν
231 1873 248 1949 ἦ
272 1879 326 1951 μέν
347 1878 425 1938 ἐστιν
447 1877 576 1950 ένωταιή,
599 1875 634 1937 τὸ
658 1880 688 1937 δὲ
710 1874 893 1953 διαιρετικόν.
931 1882 1000 1950 φησί
1021 1879 1052 1937 δὲ
1074 1869 1180 1948 ούτως·
1205 1876 1424 1951 ’τέσσαρα-

167 1957 350 2038 βρότειον’
370 1964 411 2032 [ίτ.
424 1969 458 2031 11].
486 1968 551 2022 Δία
568 1965 622 2033 μὲν
633 1959 690 2038 γάρ
702 1965 776 2037 λέγει
786 1961 840 2036 ’τὴν
851 1964 930 2034 ζέσιν
946 1967 995 2021 καί
1013 1964 1066 2021 τόν
1078 1965 1192 2035 αίθέρα,
1202 1957 1306 2038 Ἥρην
1322 1967 1352 2024 δὲ
1364 1983 1424 2037 φε-

169 2043 881 2124 ρέσβιοντὸνάέρα,τῆνδέγῆντὸνἰίιδωνέα·
895 2046 1424 2123 Νῆστινδέκαλκρούνωμαβρό·

117 2145 146 2197 10
168 2154 269 2193 τειου
282 2135 372 2194 ολονεί
389 2132 425 2192 τὸ
438 2136 552 2208 σπέρμα
569 2139 619 2193 καί
637 2133 671 2194 τό
686 2129 769 2209 ὕδωρ.
796 2134 924 2206 Allegor.
936 2135 1009 2191 hom.
1021 2136 1113 2206 script.
1129 2136 1202 2202 (fort.
1214 2135 1361 2201 Plutarch.)
1378 2151 1423 2205 οφ.

168 2221 245 2279 stob.
258 2221 341 2278 Rem
355 2227 395 2289 10,
408 2222 454 2277 11¹³
471 2237 498 2290 p.
513 2222 611 2278 121W.
629 2221 673 2287 (οί.
685 2221 757 2278 Plut.
770 2221 827 2278 Vit.
840 2220 923 2277 Hom.
935 2225 979 2289 99)
996 2213 1032 2278 ’a
1051 2223 1115 2279 Δία
1131 2223 1186 2291 μέν
1196 2221 1271 2294 λέγει
1283 2216 1335 2293 τῆν
1346 2220 1424 2290 ζέσιν

166 2306 253 2378 (καί)
266 2302 321 2365 τὸν
333 2307 447 2379 αἰθέρα,
457 2299 559 2380 Ἥρην
576 2307 606 2366 δὲ
618 2307 777 2381 φερέσβιον
798 2303 849 2377 τῆν
866 2311 929 2378 γῆν,
946 2300 1020 2379 άέρα
1037 2307 1068 2365 δέ
1080 2302 1134 2365 τόν
1145 2302 1313 2374 Ἀιδωνέα,
1329 2303 1424 2378 ἐπειδη

170 2397 233 2464 φοῖς
251 2389 361 2452 ολκεϊον
380 2387 433 2451 ούκ
451 2389 518 2464 ἔχει,
536 2385 609 2452 άλλά
626 2387 684 2451 ύπδ
702 2388 785 2464 ῆλίου
801 2395 850 2451 καὶ
862 2390 980 2463 σελήνης
995 2394 1045 2449 καλ
1062 2387 1179 2463 ἄστρων
1195 2389 1423 2463 καταλάμπεται,

170 2483 320 2551 Νῆστιν
346 2479 376 2537 δὲ
405 2481 455 2537 καλ
484 2473 674 2554 κρούνωμα
700 2474 872 2554 βρότειον
904 2475 939 2536 τό
973 2477 1088 2551 σπέρμα
1119 2480 1169 2536 καὶ
1194 2475 1230 2534 τό
1257 2468 1343 2552 ύδωρ.
1389 2476 1424 2536 ἐκ

116 2574 147 2624 15
170 2562 321 2638 τεσσάρων
339 2556 391 2624 οόν
405 2567 557 2637 στοιχείων
574 2562 609 2623 τὸ
628 2569 696 2630 πᾶν,
714 2569 765 2639 τῆς
775 2560 889 2623 τούτων
906 2561 1020 2635 φύσεως
1036 2560 1068 2629 ἐξ
1083 2561 1224 2621 ἐναντίων
1235 2555 1423 2635 συνεστώσης,

171 2646 328 2725 ξηρότητός
345 2670 376 2709 τε
394 2654 444 2708 καὶ
465 2646 625 2723 ύγρότητος
641 2655 690 2709 καλ
712 2646 896 2723 θερμότητος
917 2652 966 2706 καί
988 2643 1179 2721 ψυχρότητος,
1201 2642 1258 2706 ύπό
1281 2652 1331 2721 τῆς
1348 2644 1424 2722 πρός

169 2734 277 2809 άλληλα
296 2731 457 2809 ἀναλογίας
479 2740 528 2793 καί
549 2734 682 2808 κράσεως
698 2736 965 2810 ἐναπεργαζομένης
987 2731 1023 2793 τὸ
1047 2739 1107 2791 πᾶν
1122 2739 1171 2791 καί
1188 2732 1355 2808 μεταβολάς
1370 2733 1424 2803 μέν

169 2817 290 2893 μερικάς
306 2816 510 2895 ύπομενούσης
527 2826 581 2879 τοῦ
598 2822 628 2880 δὲ
645 2818 756 2889 παντὸς
772 2820 853 2879 λύσιν
868 2817 908 2893 μῆ
920 2819 1128 2892 ἐπιδεχομένης.
1163 2820 1238 2891 λέγει
1254 2819 1313 2892 γάρ
1331 2810 1425 2885 ούτως

168 2899 311 2966 “άλλοτε
323 2936 355 2947 -
369 2899 481 2978 ἐχθει’
500 2907 543 2975 [tr.
558 2914 597 2975 11,
614 2912 638 2963 ¹1.
652 2912 686 2973 81.
722 2907 841 2963 Hmoz.
862 2906 924 2963 Res.
942 2905 996 2963 VH
1012 2910 1045 2961 19
1062 2914 1128 2976 post
1142 2905 1205 2961 ἰπθ
1222 2910 1267 2971 [ex
1284 2905 1424 2962 Plutarchi

116 2998 146 3049 30
168 2992 386 3063 Empedoclem,
403 2994 438 3050 οί.
449 2994 476 3050 V
487 3000 520 3051 20
537 2998 691 3065 p.144,1³]
712 2988 795 3061 Ζεύς
806 2991 866 3050 ἐστι
879 2990 913 3050 τό
928 2997 994 3063 πῦρ,
1002 2982 1085 3064 Ἥρη
1097 2992 1127 3049 δὲ
1138 2991 1336 3065 φερέσβιος
1354 2986 1370 3061 ῆ
1387 2995 1425 3064 γῆ

170 3072 329 3151 ῆφέρουσα
347 3075 415 3147 τούς
433 3076 501 3147 τοὺς
513 3078 589 3153 πρός
606 3076 660 3138 τόν
679 3081 749 3154 βίον
759 3074 899 3152 καρπούς,
915 3071 1089 3144 Ἀιδωνεύς
1105 3078 1135 3135 δὲ
1153 3070 1170 3133 ό
1187 3071 1252 3148 όῆοι
1271 3065 1317 3134 ότι
1328 3072 1423 3136 πάντα
1517 3132 1521 3137 .

170 3156 208 3221 δι’
226 3157 317 3222 αύτοῦ
327 3164 485 3237 βλέποντες
501 3162 595 3236 μόνον
613 3160 709 3224 αύτόν
726 3159 958 3237 ούκαθοριόμεν,
975 3166 1106 3235 Νῆστις
1121 3162 1152 3221 δὲ
1169 3160 1204 3220 τό
1222 3155 1311 3236 ὕδωρ·
1329 3157 1424 3233 μόνον

168 3245 227 3322 γάρ
246 3252 334 3331 τοῦτο
354 3244 449 3323 όχημα
467 3254 578 3325 τροφῆς
595 3247 693 3309 αἴτιον
710 3245 866 3324 γινόμενον
887 3253 959 3308 πᾶσι
974 3256 1037 3313 τοῖς
1053 3247 1244 3321 τρεφομένοις
1260 3242 1332 3306 αύτό
1350 3243 1424 3306 καθ’

169 3328 241 3392 αύτό
254 3334 371 3407 τρέφειν
388 3328 423 3393 ού
435 3333 595 3405 δυνάμενον
615 3331 648 3393 τά
662 3331 839 3407 τρεφόμενα.
876 3334 904 3393 εί
917 3328 975 3407 γάρ
987 3330 1100 3406 ἔτρεφε,
1118 3337 1212 3406 φησίν,
1230 3327 1283 3393 ούκ
1300 3330 1337 3392 όν
1350 3354 1425 3392 ποτε

116 3426 147 3477 35
168 3422 253 3489 λιμωι
262 3415 429 3492 κατελήφθη
440 3416 476 3478 τὰ
486 3424 567 3489 ζῶια,
578 3410 682 3488 ύδατος
689 3418 722 3478 ἐν
730 3423 783 3477 ταῖι
793 3416 909 3489 κόσμωι
918 3413 1134 3488 πλεονάζοντος
1142 3414 1197 3476 άεί.
1214 3416 1259 3476 διά
1269 3422 1357 3476 τούτο
1368 3422 1424 3491 Νῆ-

170 3522 233 3562 στιν
241 3508 325 3563 καλεῖ
332 3502 366 3562 τό
372 3496 449 3575 ὕδωρ
460 3496 504 3561 ότι
513 3509 623 3578 τροφῆς
632 3499 884 3579 αότιονγινόμενον
892 3504 1008 3576 τρέφειν
1018 3496 1071 3561 ούκ
1079 3498 1192 3562 εύτονελ
1200 3501 1237 3561 τά
1247 3498 1422 3574 τρεφόμενα.

272 3627 313 3678 34.
327 3620 438 3679 Gm.
450 3622 479 3679 in
491 3623 575 3694 Hipp.
587 3631 643 3680 nat.
654 3622 729 3680 hom.
741 3623 796 3680 XV
807 3627 840 3679 31
849 3623 885 3677 Κ.
894 3615 933 3679 Ἐ.
943 3619 976 3689 ἐξ
985 3614 1194 3696 άμεταβλῆτων
1204 3625 1264 3680 των
1274 3622 1423 3695 τεττάρων

171 3708 326 3778 στοιχείων
343 3700 438 3779 ῆγείτο
457 3710 607 3781 γίγνεσθαι
625 3706 678 3780 τῆν
694 3712 754 3765 τῶν
771 3708 919 3766 συνθέτων
930 3704 1076 3776 σωμάτων
1092 3702 1185 3778 φύσιν,
1204 3698 1298 3774 ούτως
1315 3700 1421 3778 άυαμε-

169 3790 330 3864 μειγμένων
346 3786 479 3864 άλλὴλοις
496 3798 556 3851 τῶν
567 3790 702 3867 πρώτων,
718 3786 759 3858 ὡς
776 3790 807 3850 εἴ
819 3812 861 3859 τις
876 3788 998 3858 λειιύσας
1015 3783 1145 3865 άκριβαῖς
1161 3795 1211 3849 καὶ
1226 3789 1341 3864 χνοοόδη
1358 3812 1423 3851 ποι·

118 3892 147 3943 40
169 3872 242 3949 ἡσας
259 3874 306 3934 ίόν
323 3879 372 3935 καί
387 3882 517 3948 χαλκίτιν
533 3882 582 3936 καλ
598 3880 723 3947 καδμίαν
743 3880 793 3935 καί
809 3880 880 3948 μίσυ
900 3879 1031 3946 μείξειευ,
1055 3872 1096 3943 άς
1112 3876 1200 3949 μηδὲν
1216 3875 1249 3945 ἐξ
1265 3869 1362 3935 αύτοῖν
1378 3874 1422 3937 δύ·

172 3971 280 4020 νασθαι
296 3964 554 4035 μεταχειρίσασθαι
569 3968 659 4039 χωρίς
676 3960 784 4036 ἑτέρου.

274 4102 317 4153 35.
334 4097 413 4155 Αἰτ.
425 4098 454 4155 Π
465 4104 519 4167 ῖ,θ
537 4099 583 4167 [D.
596 4104 656 4167 316]
682 4092 717 4157 Ἑ.
736 4096 815 4171 ἔλεγε
840 4096 879 4169 μῆ
897 4095 942 4156 διά
970 4095 1082 4164 παντός
1107 4095 1235 4165 ἑστῶτας
1259 4100 1333 4156 είναι
1354 4092 1423 4170 μηδ’

171 4178 347 4254 ὡρισμένους
373 4181 442 4249 τούς
457 4179 567 4252 τόπους
588 4189 648 4242 τῶν
665 4186 824 4256 στοιχείων,
845 4175 919 4241 άλλά
943 4178 1038 4240 πάντα
1055 4181 1124 4250 τούς
1146 4182 1196 4250 [οἱα
1212 4184 1326 4254 antiquo
1342 4184 1423 4251 vitio,

169 4268 187 4323 l.
205 4263 301 4327 πάντα
313 4272 384 4335 πως]
403 4261 531 4340 άλλῆλων
541 4265 775 4343 μεταλαμβάνειν
791 4266 826 4323 cf.
838 4265 941 4323 Achiu.
959 4269 1129 4337 [1311011.
1149 4262 1165 4325 ό
1183 4262 1259 4328 δέἘ.
1278 4261 1313 4326 ού
1328 4270 1423 4327 δίδωσι

117 4366 148 4418 45
169 4362 233 4420 τοῖς
250 4356 405 4426 στοιχείοις
416 4346 593 4424 ὡρισμένους
610 4345 728 4421 τόπους,
745 4340 811 4412 M
823 4346 1074 4426 άντιπαραχωρεῖν
1090 4347 1224 4425 άλλῆλοις
1234 4358 1330 4426 φησίν,
1346 4343 1423 4412 άύστε

172 4436 224 4512 τῆν
242 4442 294 4510 γῆν
310 4437 461 4511 μετέωρον
477 4438 619 4513 φέρεσθαι
635 4443 684 4497 καί
702 4438 736 4497 τδ
755 4443 812 4509 πῦρ
830 4436 1048 4524 ταπεινότερον.
