3500 5075
521 332 553 386 B.
572 331 628 386 FB.
647 334 757 386 80-84.
794 332 870 386 ΠΕΡΙ
887 333 1020 387 ΦΥΣΕΩΣ
1332 335 1393 396 137

137 498 207 566 οἷπό
226 505 354 576 φλοιοῦ
371 501 547 560 πέλεσθαι
569 500 682 558 σαπλν
705 498 741 558 ἐν
764 495 868 569 ξῦλιοι
885 494 984 573 ὕδωρ.
1020 502 1202 573 Αιιετ.Τορ.
1219 508 1391 561 Δῦ.12’ί·1ῖ

137 588 249 662 ὁμοίως
266 580 294 645 δ’
312 580 375 646 οόδ’
395 580 411 644 ὃ
431 579 511 652 οίνός
527 582 606 642 ἐστιν
622 578 698 655 ὕδωρ
716 579 850 658 σεσηπός,
867 581 1005 657 καθάπερ
1021 580 1100 657 Ἔμπ.
1129 592 1198 660 φησί
1215 582 1340 649 ισαπλν
1357 589 1394 649 έν

137 682 158 745 ξ.
176 669 210 734 ῧ.’
245 666 346 740 ἁπλαῖς
362 670 419 745 γάρ
438 664 491 728 οόκ
508 667 586 728 ἔστιν
602 667 678 744 ὕδωρ
696 671 784 735 Γιῖσταῖ
801 670 886 726 Alex.
898 671 935 727 ad
945 671 972 726 h.
983 671 1002 726 l.
1013 688 1040 743 p.
1052 676 1112 739 352,
1122 672 1291 743 11w1dlies1.

291 779 383 855 οἶνος
408 780 478 841 ἀπδ
503 775 629 864 φλοιοῦ
649 775 791 840 πέλεται
815 779 924 840 σαπὲν
946 779 982 840 έν
1005 775 1108 855 ξδλωι
1129 776 1230 866 ὕδωρ.

240 917 254 968 1
282 903 343 970 οἷπό
370 912 474 982 φλοιοῦ
497 907 570 964 Plut.
593 906 752 977 utrobiqu03
779 906 883 964 frustra
902 901 960 965 ὑπὸ
985 911 1089 980 φλοιῦι
1110 909 1260 981 Χγίειιᾱοτ.
1294 927 1392 969 sensus

136 998 248 1054 videtur
264 1013 338 1053 esse:
356 1009 431 1065 οραο
448 1011 482 1050 απ
498 1009 566 1060 σενι,
585 1009 648 1063 τερα
665 991 801 1048 avorti&
813 993 1114 1062 ρονίιίειοααεαᾱίσε)
1129 993 1254 1065 ιἰιφτοιια
1268 996 1393 1053 invitm

137 1086 164 1139 ιδ
180 1082 256 1138 intus
268 1080 430 1153 putrefacta
447 1077 564 1133 vertitur
579 1075 613 1133 ιἰι
629 1077 733 1132 δίκαια.
768 1076 802 1134 οί.
820 1077 893 1133 Plut.
910 1084 1015 1148 quaest.
1032 1093 1113 1134 σοον.
1130 1078 1170 1134 VI
1187 1085 1217 1148 2,
1234 1085 1250 1136 3
1267 1097 1295 1151 p.
1307 1081 1394 1140 383Α

137 1177 264 1240 τηρεῖται
287 1167 318 1225 δέ
339 1174 402 1231 τοῖς
423 1163 476 1234 μὲν
500 1170 601 1236 φυτοῖς
622 1153 804 1234 ὀναισθὴτιος
825 1160 859 1220 έκ
880 1166 934 1220 τοῦ
956 1163 1155 1234 περιέχοντος,
1181 1158 1222 1232 οἷς
1242 1186 1329 1238 φησιν
1348 1161 1393 1234 Ἰλ,

136 1248 336 1324 ὑδρευομένοις
354 1247 389 1308 τό
409 1243 594 1322 πρόσφορον.
628 1246 687 1302 noli
705 1247 828 1317 cogitare
846 1246 882 1302 de
898 1247 967 1303 vino
984 1247 1013 1302 in
1030 1247 1107 1305 dolio
1124 1250 1245 1307 eondito.

539 1437 570 1488 82
592 1436 660 1498 [223.
672 1437 723 1488 224
741 1433 785 1500 K,
802 1437 862 1488 236.
875 1436 925 1488 237
944 1432 995 1497 st]

240 1526 291 1579 1.2
309 1520 411 1577 Ams'r.
423 1519 535 1576 Metoor.
547 1521 568 1571 Δ
582 1521 606 1573 3.
619 1518 703 1573 38721
723 1517 797 1590 λέγω
814 1518 845 1576 δὲ
861 1521 911 1574 καί
929 1508 1004 1576 ὀστᾶ
1026 1519 1076 1575 καί
1092 1519 1193 1591 τρίχας
1213 1524 1263 1578 καί
1280 1524 1339 1580 πᾶν
1355 1518 1392 1580 τί)

136 1612 271 1668 τοιοῦτον
288 1605 319 1665 έν
336 1599 456 1665 ταότοῦι·
476 1597 510 1662 οό
527 1600 584 1676 γοὶρ
601 1611 694 1660 κεῖται
713 1599 807 1672 ὄνομα
824 1597 939 1669 κοινόν,
957 1594 1029 1661 ἀλλὰ
1048 1596 1116 1660 κατ’
1134 1596 1295 1676 ὀναλογίαν
1314 1600 1393 1678 ὅμως

135 1691 168 1751 ἐν
190 1686 298 1752 ταότιῦι
320 1683 409 1751 πάντ’
430 1687 517 1756 ἐστίν,
540 1677 640 1757 ὀίσπερ
659 1691 710 1745 καί
732 1682 922 1762 Ἐμπεδοκλῆς
945 1702 1027 1760 φησι·
1050 1679 1393 1760 ταῦτὰ-μέλεσσιν.

138 1777 361 1852 [olympiodorus
378 1776 415 1832 ad
431 1774 459 1830 h.
476 1775 493 1830 l.
511 1790 538 1844 p.
552 1777 612 1840 335,
628 1776 660 1828 21
679 1773 766 1830 Stflvo
789 1766 860 1832 ὅθεν
884 1775 934 1831 καί
950 1766 1028 1843 Ἐμπ.
1048 1770 1123 1842 μετὰ
1141 1777 1203 1831 τῶν
1222 1770 1313 1842 ξύλων
1331 1779 1392 1847 (τί-

138 1862 224 1937 θησι)
240 1859 276 1922 τοὶ
295 1865 415 1920 τοιαῦτα
434 1860 527 1933 λέγων
539 1852 663 1916 ιταῦτα
681 1855 715 1914 δέ
733 1853 807 1915 ἐστι
824 1861 946 1931 τρίχες
959 1887 989 1898 -
1002 1853 1210 1926 μελέεσσιιί]

290 1970 395 2032 ταῦτα
419 1968 530 2054 τρίχας
551 1967 609 2028 καί
633 1961 742 2050 φύλλα
765 1966 822 2028 καί
846 1968 976 2029 οἰωνῶν
999 1966 1108 2049 πτερὰ
1131 1971 1239 2032 πυκνά

289 2073 346 2134 καί
369 2066 506 2144 λεπίδες
528 2070 700 2151 γίγνονται
721 2069 782 2130 έπί
803 2069 1000 2151 στιβαρσῐοι
1018 2063 1187 2144 μέλεσσιν·

239 2208 254 2258 2
266 2203 378 2267 λεπίδες
389 2200 478 2257 An'st.
490 2199 577 2254 FHN:
589 2199 706 2263 λοπίδες
717 2197 805 2252 An'st.
817 2197 854 2252 E:
868 2201 1047 2269 φολιδονίδες
1058 2199 1165 2273 Olymp.
1182 2205 1287 2268 (omnes
1298 2201 1392 2270 codd.;

137 2289 254 2361 φολίδες
275 2285 474 2354 σοιτ.Ιι1ο1ετ),
496 2283 570 2340 unde
594 2283 713 2340 Karsten
734 2281 912 2354 Hesychiano
936 2287 1082 2355 φλονίδεςι
1108 2289 1219 2353 λεπίδες
1234 2303 1301 2343 usus
1322 2288 1392 2344 οοιιί.

139 2375 272 2443 φλονίδες

539 2507 572 2559 83
592 2506 661 2572 [225.
673 2505 723 2557 226
741 2500 787 2569 K„
804 2505 864 2557 2³8.
876 2505 927 2559 239
946 2503 995 2568 St]

241 2592 330 2649 Pm.
343 2590 483 2648 ᾶείοτιθ
500 2605 526 2659 p.
540 2588 604 2643 381)
628 2583 664 2645 τὰ
690 2585 744 2656 μὲν
769 2582 826 2659 γοὶρ
852 2577 995 2645 ὥπλισται
1019 2590 1120 2661 κέρασι
1146 2594 1196 2649 καί
1221 2584 1319 2650 ὀδοῦσι
1344 2594 1394 2650 καί

139 2681 278 2749 κέντρθίθι
751 2745 857 2830 αὐτὰρ
881 2746 1004 2825 ἐχίνοις

295 2848 465 2932 ὀξυβελεῖς
484 2853 602 2928 χαῖται
623 2850 745 2922 νώτοις
767 2847 1047 2933 έπιπεφρίκασιν.

245 2985 257 3036 1
277 2977 372 3054 ἐχῖνος
389 2980 474 3037 Plut.:
492 2996 560 3036 σοπ.
579 2977 735 3049 Stephanus
808 2982 823 3032 2
840 2986 940 3049 χαῖται
956 2978 1121 3035 Vuleobius:
1139 2980 1170 3038 δέ
1186 2999 1220 3038 τε
1236 2983 1281 3046 (ex
1297 2984 1366 3035 ΧΕΤ
1368 2987 1395 3048 Ε)

140 3065 234 3123 coda:
253 3062 380 3124 ἄκανθαι
403 3066 433 3123 δέ
450 3085 482 3123 τε
499 3064 585 3121 Paris.
604 3067 679 3119 1956.
711 3070 809 3135 χαῖται
831 3062 952 3132 figurate
967 3063 1162 3134 Empedocles,
1185 3065 1309 3121 imitatur
1325 3066 1395 3137 Opp.

139 3150 202 3206 Hal.
215 3156 240 3217 2,
252 3156 302 3207 322
315 3144 430 3221 οότόζει
442 3150 573 3217 (coffinus)
585 3148 715 3223 βελέεσσι
725 3149 826 3219 χαίτης
840 3140 1022 3218 ὀξατόμοισιν
1033 3148 1068 3205 αλ.
1080 3148 1114 3205 fr.
1127 3154 1173 3221 823
1190 3143 1396 3226 α’κανθοβόλος

140 3238 226 3307 χαίτη
243 3235 288 3293 bis
305 3236 380 3307 apud
397 3236 562 3292 Nicandrum

529 3407 562 3459 84
582 3407 726 3471 [302-311
745 3403 790 3469 K,
807 3407 943 3459 316-324
961 3403 1010 3470 St]

244 3495 326 3547 1—11
344 3489 445 3547 Απιετ.
457 3490 493 3546 de
504 3504 574 3545 εειια
587 3492 602 3543 2
614 3504 643 3558 p.
654 3488 757 3544 437223
775 3480 811 3545 Ἑ.
829 3481 856 3545 δ’
875 3483 951 3545 ἔοικε
968 3490 1117 3558 νομίζοντι
1137 3484 1251 3560 ὁτὲμὲν
1268 3486 1396 3559 ἐξιόντος

141 3580 193 3635 τοῦ
210 3571 318 3649 φωτός,
336 3570 435 3649 ὥσπερ
452 3572 562 3647 είρηται
579 3569 735 3647 πρότερον,
751 3570 881 3647 βλέπειν.
899 3572 975 3645 λέγει
985 3577 1056 3645 γοῦν
1074 3566 1184 3641 οὕτως·
1197 3568 1299 3641 ζοἷς·
1311 3566 1394 3646 ιῖεν’,

143 3655 192 3721 ὅτε
209 3662 262 3733 μὲν
281 3655 372 3729 οὕτως
392 3656 465 3733 ὁρᾶν
482 3678 576 3733 φησιν,
595 3652 646 3718 ὁτὲ
662 3658 692 3717 δὲ
709 3666 772 3725 ταῖς
789 3650 964 3728 ὀπορροίαις
986 3666 1051 3725 ταῖς
1067 3650 1127 3716 ὀπό
1152 3667 1212 3716 τοῖν
1238 3654 1395 3731 ὁρωμένων

141 3764 226 3805 Am.
237 3748 282 3806 ad.
293 3748 321 3804 h.
333 3749 350 3805 l.
361 3764 389 3819 p.
401 3752 444 3814 23,
456 3750 472 3802 3
484 3744 648 3803 Ψοιιᾱίεαιλ
665 3747 715 3801 καί
729 3738 849 3813 πρῶτόν
860 3763 894 3815 γε
911 3746 1106 3813 παρατίθεται
1117 3736 1208 3802 αὐτοῦ
1224 3740 1260 3803 τὰ
1279 3740 1341 3818 ἔπη,
1359 3739 1395 3802 δι’

140 3824 183 3891 ὧν
206 3828 316 3907 ἡγεῖται
338 3836 388 3891 καί
405 3824 493 3897 αότός
514 3833 571 3900 πῦρ
594 3824 667 3887 είναι
684 3826 719 3888 τό
742 3833 805 3901 φῶς
825 3832 875 3886 καί
896 3833 984 3887 τοῦτο
1005 3826 1117 3885 ἐκτῶν
1140 3821 1302 3901 ὀφθαλμοῖν
1323 3848 1395 3900 προ·

139 3921 258 3991 χεῖσθαί
273 3938 306 3977 τε
322 3921 372 3976 καί
388 3916 587 3984 ἐκπέμπεσθαι
603 3917 653 3971 καί
669 3908 774 3972 τοότωι
791 3911 826 3972 τό
846 3909 922 3985 ὀροῖν
938 3916 1081 3986 γίνεσθαι.
1109 3906 1258 3985 ὀπεικόζει
1275 3910 1332 3986 γᾶρ
1349 3913 1394 3973 διὰ

140 4006 199 4061 τοῖν
225 4000 304 4061 έποῦν
329 4000 365 4061 w*
392 3995 613 4071 ἐκπεμπόμενον
631 3992 691 4057 οἷπὸ
715 4002 765 4070 τῆς
788 3994 888 4073 ὄψεως
913 4003 976 4072 φοῖς
997 4001 1051 4055 τοῦι
1076 3996 1121 4055 δαὶ
1144 4002 1204 4056 τοῖν
1229 3998 1395 4072 λιχνοόχοιν

140 4090 226 4162 φωτί.
256 4083 296 4155 ὥς
317 4085 375 4161 γὰρ
398 4080 565 4158 ὁδοιπορεῖν
588 4104 630 4151 τις
652 4078 755 4151 νυκτὸς
775 4083 888 4153 μέλλων
910 4079 1016 4156 λύχνον
1037 4078 1335 4154 παρασκευασάμενος
1352 4080 1394 4141 έν-

140 4176 253 4246 τίθησιν
270 4172 311 4241 είς
327 4175 510 4243 λαμπτῆρα
528 4164 555 4235 ίό
574 4166 630 4241 γοῖρ
648 4166 780 4241 λαμπτὴρ
797 4164 834 4226 τὰ
851 4168 906 4238 μέν
923 4164 1030 4235 ἔξωθεν
1046 4162 1195 4238 πνεύματα
1213 4162 1345 4241 ὀπείργει
1361 4188 1394 4226 τε

140 4261 189 4316 καί
206 4252 317 4325 κωλύει,
335 4260 388 4314 τοῦ
405 4256 435 4314 δὲ
452 4250 544 4326 πυρὸς
561 4251 596 4312 τὸ
615 4248 795 4311 λεπτότατον
817 4253 857 4321 είς
875 4250 911 4311 τὸ
930 4248 983 4321 ἔξω
1001 4253 1110 4326 διίησιν,
1129 4246 1203 4324 ὅπερ
1220 4252 1282 4312 έστί
1298 4258 1351 4325 φα·
1357 4257 1395 4320 ς),

141 4336 227 4410 οῦτοι,
244 4345 338 4415 φησίν,
355 4346 405 4399 καί
421 4339 458 4399 έν
475 4350 538 4407 ταῖς
554 4337 691 4412 μὴνιγξι
712 4334 945 4411 καθειργόμενον
967 4334 1003 4395 τό
1022 4342 1088 4411 πῦρ
1110 4335 1168 4395 ὖπό
1191 4344 1305 4397 λεπτοῖν
1327 4332 1394 4410 ὕμέ·

141 4414 199 4485 νὼν
217 4427 386 4500 περιέχεται,
405 4424 434 4484 οἳ
450 4422 486 4486 τὰ
504 4428 557 4496 μὲν
576 4420 685 4494 ἔξωθεν
702 4426 927 4496 προσπίπτοντα
945 4420 1102 4493 λαμαντικὰ
1119 4427 1173 4482 τοῦ
1184 4421 1276 4494 πορός
1292 4416 1393 4496 ὀπείρ-

140 4532 224 4586 γουσι
241 4516 289 4570 καί
308 4505 361 4570 σόκ
377 4509 467 4569 έοῦσαν
484 4508 612 4583 ἐνοχλεῖν
629 4513 675 4582 τῆι
691 4504 789 4581 κόρηι,
812 4505 848 4566 τό
867 4508 898 4566 δὲ
914 4500 1096 4566 λεπτότατον
1116 4513 1169 4567 τοῦ
1190 4506 1284 4579 πορός
1300 4507 1341 4576 είς
1357 4505 1392 4565 τὰ
1454 4581 1458 4587 ¹
