3500 5075
340 337 381 397 82
819 344 843 396 5.
861 337 1105 394 EMPEDOOLES

338 513 487 575 τείνουσι
518 510 788 592 πεντακισχίλια,
822 514 840 574 δ
868 509 907 575 δέ
934 509 1094 598 Ἰατρικὸς
1123 511 1221 597 λόγος
1249 517 1300 591 είς
1327 518 1393 599 έπη
1422 512 1592 592 έξακδσια.

339 615 419 694 περὶ
443 610 478 677 δέ
501 623 567 678 τῶν
591 611 801 700 τρογωιδιῶν
824 616 1081 700 προειρήκαμεν.

442 801 454 852 1
474 799 699 869 πεντακισχίλια]
717 796 813 856 πάντα
831 799 976 868 τρισχίλια
993 799 1126 866 proposui
1142 797 1217 852 Βενλ
1231 796 1299 852 Sia.
1313 801 1387 864 1888,
1404 802 1454 854 398
1472 799 1507 854 οῖ.
1524 801 1613 870 Α2,.

337 884 370 936 21
434 886 450 937 2
469 878 691 956 προειρήκαμεν]
710 883 780 951 558.

440 1139 464 1190 2.
483 1134 598 1191 Svas.

418 1229 644 1328 Ἐμπεδοκλῆς
665 1245 842 1319 Μέτωνος,
866 1244 901 1304 ol
924 1239 960 1304 δέ
980 1232 1179 1327 Ἀρχινόμου
1204 1236 1253 1325 [ex
1275 1238 1451 1327 Hesy0hi0],

424 1344 458 1405 οἱ
482 1335 515 1405 δ’
535 1337 731 1420 Ἐξαινέτου.
776 1346 833 1407 καί
856 1340 1006 1429 ἀδελφὸν
1034 1344 1110 1422 ἐσχε
1134 1340 1405 1430 Καλλικρατίδην
1430 1338 1479 1427 [ex
1492 1343 1592 1408 laert.

339 1437 436 1526 558}

301 1553 316 1602 5
423 1548 614 1632 ηκροάσατο
644 1543 681 1610 δέ
710 1549 848 1633 πρώτου
877 1543 1106 1632 Παρμενίδου,
1135 1544 1277 1623 οὗτινος,
1308 1548 1354 1622 ὥς
1385 1564 1472 1632 φησι
1499 1551 1592 1635 Πορ-

339 1651 461 1734 φύριος
489 1651 524 1710 ἐν
548 1646 754 1734 Φιλοσόφωι
784 1650 945 1734 ἱστορίαι,
975 1650 1105 1730 ἐγένετο
1136 1645 1290 1712 παιδικά.
1336 1650 1369 1711 αἱ
1399 1646 1436 1712 δέ
1458 1652 1592 1737 ἔφασαν

336 1752 495 1836 μαθητήν
521 1748 723 1834 Τηλαύγους,
753 1757 815 1813 τοιῖ
834 1752 1044 1836 Πυθαγόρου
1067 1753 1152 1828 υίοιῖ,
1182 1754 1240 1814 τὸν
1256 1744 1482 1829 Ἐμπεδοκλέα
1504 1758 1592 1835 γενέ-

339 1853 426 1914 σθαι
449 1846 498 1934 [εκ
513 1849 658 1932 Porphyr.
681 1851 764 1916 Hist.
779 1850 887 1933 philos.
909 1851 983 1914 1ε.8
1005 1846 1128 1935 Nauck]

418 1942 676 2040 Ἀκραγαντῖνος
692 1951 728 2018 δέ
745 1953 939 2040 φιλόσοφος
956 1955 1099 2040 φυσικὸς
1118 1954 1175 2015 καί
1190 1955 1361 2029 ἐποποιός
1377 1947 1429 2037 [ex
1443 1949 1590 2039 Hesych]

287 2061 315 2112 10
422 2054 521 2130 οὗτος
551 2045 813 2142 δἘμπεδοκλῆς
840 2061 971 2135 στέμμα
998 2058 1083 2134 ἔχων
1111 2056 1172 2117 έπί
1198 2063 1258 2140 τῆς
1279 2052 1428 2142 κεφαλῆς
1448 2067 1592 2142 χρυσοῦν

336 2158 393 2218 καί
416 2156 565 2235 άμδκλας
587 2160 623 2220 ἐν
645 2163 718 2233 τοῖς
741 2159 826 2220 ποσί
847 2156 973 2238 χαλκᾶς
1003 2158 1061 2219 καί
1084 2161 1257 2235 στέμματα
1279 2155 1435 2242 Δελφικὰ
1458 2161 1493 2220 έν
1515 2166 1592 2235 ταῖς

335 2259 450 2343 χερσίν
472 2261 587 2343 ἐπήιει
615 2261 676 2334 τάς
704 2258 833 2338 πόλεις,
864 2255 967 2336 δόξαν
996 2260 1078 2344 περί
1105 2260 1211 2321 αὑτοῦ
1235 2263 1412 2337 κατασχεῖν
1442 2262 1489 2335 ὡς
1511 2263 1592 2347 περὶ

337 2361 426 2422 θεοῦ
456 2357 670 2442 βουλόμενος.
716 2358 835 2448 ἐπειδή
870 2357 908 2423 δέ
940 2362 1083 2446 γηραιὸς
1116 2363 1256 2443 ἐγένετο,
1290 2362 1416 2445 νύκτωρ
1450 2363 1592 2448 ἔρριψεν

337 2463 456 2524 ἐαυτδν
479 2465 529 2539 είς
543 2469 691 2550 κρατῆρα
715 2465 833 2551 πυρός,
858 2463 945 2524 ὥστε
967 2464 1012 2549 μή
1031 2469 1179 2548 φανῆναι
1202 2463 1306 2524 αὐτοῦ
1326 2464 1365 2524 τά
1390 2471 1497 2542 σῶμα.
1535 2467 1592 2528 καὶ

286 2571 315 2622 18
338 2566 445 2642 ου’τως
461 2564 618 2629 ἀπώλετο
641 2574 703 2629 τοῦ
718 2564 900 2630 σανδαλίσυ
924 2567 1031 2627 αὐτοῦ
1043 2564 1292 2650 ἐκβρασθέντας
1312 2566 1382 2627 ὑπὸ
1398 2574 1461 2628 τοῦ
1473 2572 1590 2653 πυράς.

336 2666 510 2753 ἐπεκλήθη
534 2663 570 2730 δέ
592 2670 649 2731 καί
669 2666 921 2745 Κωλυσανέμας
942 2663 999 2729 διὰ
1022 2667 1061 2728 τά
1085 2668 1208 2744 ἀνέμου
1231 2664 1363 2728 πολλοῦ
1383 2670 1591 2749 ἐπιθεμένου

337 2778 393 2855 τῆι
412 2762 612 2853 Ἀκράγαντι
634 2768 793 2848 ἐξελάσαι
821 2769 922 2831 αὐτὸν
949 2765 1053 2853 δορὰς
1080 2770 1165 2830 δνων
1194 2768 1383 2852 περιθέντα
1412 2778 1469 2856 τῆι
1490 2769 1592 2835 πόλει

339 2864 388 2953 [ex
402 2869 513 2951 Porph.
535 2870 575 2936 cf.
589 2870 620 2933 A
637 2867 700 2956 16].

422 2976 534 3055 γέγονε
559 2969 595 3036 δέ
617 2977 737 3036 τούτου
760 2972 920 3058 μαθητὴς
941 2972 1089 3055 Γοργίας
1111 2971 1131 3030 δ
1152 2971 1264 3055 ῥητωρ
1289 2973 1308 3032 δ
1329 2976 1520 3050 Λεοντῖνος
1544 2968 1593 3057 [ex

286 3079 315 3131 ιο
337 3070 436 3135 Luem
459 3068 557 3157 ασελ

423 3174 481 3235 καί
503 3176 632 3259 ἔγραψε
655 3167 703 3239 δι’
729 3178 823 3239 ἐπῶν
844 3175 935 3260 Περὶ
962 3178 1100 3260 φάσεως
1121 3178 1188 3234 τῶν
1212 3173 1318 3236 ὄντων
1340 3174 1458 3256 βιβλία
1479 3160 1594 3258 βίκαλ

337 3280 430 3339 ἐστιν
453 3278 519 3359 ἔπη
554 3278 601 3352 ὡς
629 3273 801 3356 δισχίλια),
831 3266 976 3360 Ἰατρικὰ
1011 3269 1242 3357 καταλογάδην
1271 3276 1328 3337 καί
1359 3275 1446 3339 ἄλλα
1480 3277 1593 3340 πολλά

340 3371 389 3461 [εκ
410 3371 508 3459 Ηεε.].

442 3546 457 3597 5
475 3538 600 3608 παιδικά]
618 3543 742 3598 Platonis
760 3542 849 3597 Pam.
864 3543 952 3597 ιιιΑ
972 3546 1066 3610 [supra
1081 3557 1109 3611 p.
1122 3544 1162 3608 ιο,
1174 3506 1200 3605 ο]
1220 3542 1380 3597 ωεοιοιειιιι
1397 3542 1525 3599 oonfudit

338 3632 371 3683 20
388 3616 417 3702 β
426 3627 501 3684 libri:
519 3616 681 3700 γβοηεεεε
698 3642 732 3682 ex
744 3626 859 3683 Tzetzae
875 3626 1084 3691 chi1.vl1522)
1101 3625 1192 3681 editor
1206 3626 1333 3696 princeps
1343 3625 1501 3683 Demeuius
1513 3626 1593 3683 Chal-

338 3712 470 3784 condyles
539 3715 570 3767 21
589 3704 709 3784 Ἰατρικὰ
722 3737 756 3758 -ι
769 3704 906 3784 Ἰατρικδς
923 3707 1012 3785 λόγος
1028 3712 1118 3767 Ικιετῐ.
1136 3711 1207 3779 W·

439 3903 463 3953 3.
481 3898 602 3953 Pmuus
615 3898 677 3954 Nat.
693 3898 757 3954 nist
770 3898 900 3964 xxm,
915 3904 930 3952 5
947 3898 1007 3953 αίῖα
1023 3898 1109 3968 factio
1126 3896 1171 3963 (ab
1188 3895 1381 3966 mmmmm
1400 3898 1595 3968 αοςιιοικῖιιακί

336 3982 491 4052 ακμίάαοκ)
508 3982 595 4052 coepit
609 3982 641 4037 ιἰι
659 3982 762 4049 Sicilia,
781 3983 887 4037 Acrone
906 3982 1099 4054 Αςναγσκίίιιο
1118 3980 1294 4051 Empedoclis
1306 3980 1417 4053 μλμείοῖ
1433 3982 1594 4038 auctoritate

336 4066 530 4122 commendato.
567 4068 646 4123 Sum.
663 4086 684 4123 s.
697 4085 725 4122 v.
747 4064 867 4140 Ἄκρον,
890 4060 1112 4139 Ἀκραγαντῖνος
1132 4063 1194 4133 υίὸς
1211 4066 1345 4132 Ξένωνας
1363 4106 1370 4120 .
1388 4064 1594 4138 ἐσοφίστευαεν

336 4149 368 4208 ἐν
397 4160 461 4217 ταῖς
489 4144 616 4222 Ἀθήναις
644 4144 705 4223 δι’μα
731 4146 922 4221 Ἐμπεδοκλεῖ.
966 4145 1045 4210 ἔστιν
1074 4143 1128 4209 οὖν
1155 4148 1355 4224 πρεσβύτερος
1376 4147 1594 4224 Ἱπποκράτους.

337 4230 448 4309 ἔγραψε
466 4240 538 4311 Περὶ
555 4238 682 4309 ἰατρικῆς
699 4238 798 4308 διυρίδι
815 4237 973 4306 άιαλέκτωι,
992 4239 1064 4311 Περὶ
1081 4239 1192 4309 τροφῆς
1202 4232 1337 4310 ὑγιεινῶν
1346 4240 1464 4311 βιβλίον
1475 4244 1504 4295 ᾶ.
1534 4233 1594 4294 ἔστι

337 4321 367 4379 δὲ
387 4324 437 4377 καί
463 4311 550 4387 οὗτος
575 4324 635 4378 τῶν
656 4342 719 4378 τινα
744 4317 894 4391 πνεύματα
917 4320 1167 4393 σημειωσαμένων.
1208 4321 1249 4388 είς
1272 4326 1379 4380 τοῦτον
1399 4321 1536 4395 ἐποίησεν
1555 4316 1593 4380 Ἔ.

336 4400 522 4463 τωθαστικὸν
540 4404 707 4478 ἐπίγραμμα
726 4404 769 4472 [fr.
784 4410 849 4471 1571.
885 4406 973 4461 Pm.
991 4406 1028 4461 δε
1038 4406 1075 4461 In
1085 4412 1114 4461 et
1125 4404 1171 4461 0⁸„
1184 4410 1216 4460 80
1239 4421 1266 4474 p.
1280 4405 1364 4461 888Β
1378 4402 1505 4479 Ἄκρωνα
1523 4410 1594 4479 γοῦν

337 4484 391 4547 τὸν
408 4488 510 4559 ἰατρὸν
528 4487 559 4547 ἐν
577 4482 705 4560 Ἀθήναις
722 4484 780 4547 ὕπὸ
799 4485 853 4547 τὸν
869 4490 961 4562 μέγαν
978 4487 1083 4559 λοιμὸν
1100 4484 1283 4561 εδδοκιμήσαι
1300 4490 1415 4562 λέγουσι
1431 4496 1489 4565 πῦρ
1499 4491 1595 4553 κελεύ-
