3500 5075
644 317 864 376 DOCTRINAE
882 322 984 373 ἰε-8ο
1393 323 1434 383 ρη

181 482 236 562 α’ῆρ
254 487 462 554 munimem,
480 486 632 558 Diogenes]
650 481 667 557 6
685 485 720 546 τὸ
739 491 808 560 πῦρ;
833 489 1007 554 [Heraclitus]
1024 483 1041 556 6
1058 485 1171 548 τοῦτον
1187 491 1240 560 μὲν
1258 485 1352 558 οάδίν,
1372 487 1388 550 6
1407 490 1434 550 δ’

181 567 340 646 ἐγκέφαλός
356 569 435 629 ἐστιν
440 599 450 640 ,·
468 571 622 639 [Alcmaeo]
639 577 701 630 κτλ.

284 713 326 762 Π·
347 707 422 763 Affl-
434 707 460 762 V
472 711 541 774 ²⁷21
562 707 606 772 [D.
619 711 678 772 440]
692 701 730 765 ’0.
755 707 912 781 τρέφεσθαι
929 708 982 776 μέν
1000 707 1035 766 τά
1053 711 1126 778 ζῶια
1143 709 1188 768 διὰ
1207 709 1259 781 τῆν
1274 705 1435 771 ίπάστασιν

181 797 232 852 τοῦ
250 787 341 865 ῦγροῦ
358 787 457 865 [ὑγροῦ
474 791 605 848 arcessivi
623 795 711 858 σι20,
723 797 745 859 1,
763 793 840 848 cuius
851 793 880 847 in
891 793 982 848 locum
995 792 1106 849 οἰκείου
1115 793 1160 849 hic
1171 795 1301 852 traditum
1313 799 1435 856 vicissim

0 847 1 908 ί
96 907 98 912 ·
143 884 158 934 5
179 877 319 949 relegavil,
338 873 474 944 αὔξεσθαι
493 877 523 935 δὲ
541 873 585 935 διά
604 873 657 950 τῆν
673 879 839 951 παρουσίαν
849 882 903 936 τοῦ
914 881 1035 951 θερμοῦ,
1051 882 1206 946 μειοῦσθαι
1218 880 1248 938 66
1258 884 1308 937 καί
1319 885 1434 955 φθίνειν

179 961 223 1021 διά
242 961 301 1034 ’τῆν
322 958 450 1034 ἔκλειψιν
467 959 620 1036 ἑκατέρων.
657 961 724 1028 τοῦς
741 962 772 1020 δέ
789 966 839 1019 νῦν
856 957 1031 1035 ἀνθρώπους
1048 971 1110 1029 τοῖς
1127 958 1255 1035 πρώτοις
1272 971 1434 1040 συμβαλλο·

178 1049 282 1118 μένους
302 1049 423 1121 βρεφῶν
440 1044 552 1117 ἐπέχειν
569 1041 656 1114 τάξιν.
692 1046 785 1114 [Gal
798 1045 853 1103 def.
865 1047 937 1102 med.
950 1051 983 1102 00
1000 1047 1080 1113 (xlx
1092 1053 1152 1114 072)
1169 1053 1232 1117 πῶς
1245 1043 1436 1124 Ἱπποκράτης

178 1136 227 1190 καί
247 1125 471 1205 Ἐρασίστρατος
488 1135 536 1189 καί
554 1126 590 1188 ’0.
607 1134 657 1189 καί
674 1125 874 1204 Ἀσκληπιάδης
892 1129 944 1197 τὰς
960 1132 1063 1205 πέψεις
1079 1137 1130 1204 τῆς
1145 1139 1256 1208 τροφῆς
1272 1155 1344 1206 φασι
1359 1138 1434 1209 γίνε-

178 1223 289 1275 σθαι..
303 1256 310 1272 .
326 1210 362 1274 ’0.
380 1217 411 1275 δέ
428 1210 522 1289 σήψει.
552 1215 585 1272 σί.
598 1216 631 1272 fr.
644 1220 685 1272 68.
696 1221 738 1273 01.
757 1216 838 1284 (idem
851 1233 886 1272 ox
897 1217 978 1286 Emp.
989 1216 1101 1273 Diocles
1109 1217 1311 1276 Ρεοσιλοοοτσσ.
1323 1219 1433 1287 Quaest.

128 1308 156 1358 10
177 1302 249 1359 med.
262 1306 303 1356 61.
315 1301 349 1356 V.
360 1301 435 1358 Βοεσ
446 1300 554 1357 Anecd.
566 1317 607 1372 gr.
619 1301 647 1357 II
656 1307 715 1367 255,
728 1306 769 1358 27.
782 1306 823 1356 00.
853 1301 889 1355 Μ.
899 1301 1054 1357 Wellmann
1066 1301 1180 1373 οισραι.
1189 1303 1217 1360 δ.
1228 1303 1325 1359 Αειτίσ
1340 1321 1368 1376 ρ.
1380 1311 1433 1374 04).

279 1457 321 1510 78.
339 1453 413 1509 An.
423 1454 449 1509 V
459 1457 524 1518 22,1
544 1453 589 1519 [D.
599 1457 660 1518 404]
677 1446 715 1511 ’0.
733 1451 786 1520 τάς
802 1453 855 1523 μέν
873 1447 984 1524 σάρκας
999 1459 1159 1525 γεννᾶσθαι
1175 1453 1209 1512 ἐκ
1225 1460 1285 1513 τῶν
1301 1453 1373 1513 ἴσων
1390 1461 1435 1529 τῆι

176 1534 277 1610 κράσει
294 1534 441 1608 τεττάρων
460 1541 621 1611 στοιχείων,
637 1535 674 1597 τά
693 1538 721 1596 66
740 1541 826 1609 νεῦρα
845 1536 938 1607 πυρὸς
947 1542 997 1595 καί
1008 1544 1059 1612 γῆς
1068 1530 1150 1598 ῦδατι
1162 1541 1210 1606 [εἰσ
1221 1539 1323 1607 6613]
1336 1546 1434 1600 διπλα-

177 1626 253 1680 σίονι
270 1618 437 1691 [διπλάσιον,
455 1627 624 1682 διπλασίονα
640 1623 716 1681 libri:
734 1622 1006 1688 comBemmiakis]
1018 1624 1190 1697 μιχθέντων,
1207 1624 1315 1694 τοῦςδὲ
1328 1623 1433 1700 ὄνυχας

177 1718 238 1776 τοῖς
261 1703 358 1779 ζιάιοις
374 1715 534 1784 γεννᾶσθαι
551 1714 610 1767 τῶν
627 1703 737 1780 νεύρων
754 1701 827 1766 καθ’
847 1703 864 1764 6
882 1713 935 1766 τῶι
952 1702 1015 1779 άέρι
1033 1709 1166 1782 συνέτυχε
1184 1711 1432 1785 περιψυχθέντων,

126 1798 154 1849 15
177 1787 249 1853 σ’στά
267 1794 297 1852 δέ
314 1799 389 1853 δυεῖν
405 1796 459 1866 μὲν
475 1787 580 1862 άδατος
595 1799 646 1852 καί
662 1797 721 1868 γῆς,
739 1788 887 1865 τεττάρων
904 1795 934 1852 δὲ
951 1789 1052 1865 πυράς,
1069 1790 1126 1853 ἐσσι
1144 1799 1194 1868 γῆς
1212 1796 1261 1861 [εἰσ
1276 1800 1432 1869 transposui

175 1878 209 1934 σί.
220 1879 254 1934 fr.
267 1883 309 1946 90,
322 1884 346 1946 l]
369 1876 480 1939 τοάτων
502 1879 725 1953 συγκραθέντων
741 1883 849 1951 μερῶν.
885 1878 991 1950 ἱδρῶτα
1005 1878 1071 1950 (δέ)
1089 1883 1138 1938 καί
1155 1874 1280 1951 δάκρυον
1297 1883 1431 1954 γίνεσθαι

175 1967 228 2022 τοῦ
244 1961 366 2034 αἵματος
383 1965 542 2037 τηκομένου
559 1969 609 2022 καί
626 1962 706 2036 παρά
724 1962 760 2022 τό
778 1959 970 2022 λεπτῦνεσθαι
981 1963 1177 2036 διαχεομένου.
1206 1966 1307 2023 Amr.
1318 1967 1431 2038 (lopun.

174 2065 218 2104 an.
229 2049 261 2104 A
274 2053 297 2103 1.
309 2054 371 2104 042·
383 2055 413 2106 17
432 2043 506 2123 άρχῆ
522 2047 580 2123 γάρ
598 2045 615 2124 6
632 2043 716 2121 φάσις
731 2052 842 2119 μάλλον
860 2052 910 2119 τῆς
926 2039 1004 2122 ῦλης,
1028 2045 1144 2121 ἐνιαχοῦ
1162 2047 1192 2106 δέ
1209 2069 1267 2107 που
1284 2044 1365 2123 αῦτῆι
1382 2054 1432 2109 καί

171 2126 210 2190 ’0.
228 2135 401 2204 περιπίπτει,
418 2128 564 2208 άγάμενος
580 2127 632 2193 ὑπ’
650 2127 736 2205 αὐτῆς
753 2137 803 2205 τῆς
814 2127 960 2205 άληθείας,
976 2135 1026 2190 καί
1043 2131 1094 2205 τῆν
1112 2127 1214 2192 οῦσίαν
1225 2140 1275 2193 καί
1286 2133 1337 2207 τῆν
1348 2132 1432 2209 φάσιν

122 2225 152 2276 20
173 2211 366 2292 άναγκάζεται
382 2214 472 2292 φάναι
490 2216 543 2276 τάν
560 2214 651 2292 λόγον
669 2213 751 2286 εἰναι,
770 2211 834 2275 οίον
854 2210 960 2275 ὀστοῦν
978 2211 1132 2285 άποδιδοῦς
1147 2222 1177 2276 τί
1188 2217 1277 2276 ἐστιν·
1295 2219 1362 2280 οῦτε
1374 2218 1431 2295 γάρ

174 2300 206 2362 έν
222 2325 250 2361 τι
266 2308 326 2361 τῶν
345 2307 497 2378 στοιχείων
514 2303 591 2376 λέγει
608 2297 679 2362 αῦτό
699 2299 766 2362 οῦτε
783 2298 833 2362 δύο
851 2298 869 2375 ἢ
886 2304 954 2373 τρία
972 2298 1039 2361 οῦτε
1057 2299 1167 2370 πάντα,
1187 2298 1259 2364 άλλά
1277 2299 1366 2379 λόγον
1383 2312 1433 2410 τῆς

171 2391 278 2459 μίξεως
300 2383 404 2449 αῦτῶν.
437 2391 538 2446 Am.
552 2389 690 2445 domim
701 2389 740 2444 Α.
751 2394 776 2445 4.
790 2391 853 2444 400·
864 2392 895 2442 10
920 2382 991 2457 ὃμσί
992 2407 1031 2454 ως
1047 2389 1078 2445 δὲ
1095 2384 1210 2446 άτοπον
1226 2391 1275 2446 καί
1291 2388 1360 2460 (τὸ)
1378 2389 1431 2448 τὸν

173 2469 263 2548 λόγον
280 2479 330 2549 τῆς
346 2477 452 2546 μίξεως
470 2469 591 2532 εἶναι’
560 2493 612 2548 την
629 2467 742 2579 ψυχήν
760 2466 794 2531 οῦ
811 2470 868 2547 γάρ
886 2468 941 2531 τάν
958 2465 1048 2529 αῦτόν
1066 2468 1124 2546 ἔχει
1141 2468 1262 2547 λόγον’
1248 2496 1266 2544 η
1281 2476 1355 2545 μίξις
1372 2480 1432 2533 τῶν

174 2562 326 2632 στοιχείων
341 2553 415 2618 καθ’
435 2553 469 2631 ῆν
488 2557 561 2632 σάρξ
575 2563 625 2617 καλ
640 2552 737 2617 ιιαθἰ
726 2552 760 2631 ῆν
773 2553 892 2616 ὀστοῦν·
912 2552 1086 2631 συμβήσεται
1103 2548 1155 2616 οῦν
1173 2554 1282 2626 πολλας
1293 2580 1325 2617 τε
1337 2559 1431 2633 ψυχας

121 2651 151 2702 25
173 2640 248 2717 ἔχειν
264 2647 314 2702 καί
330 2642 405 2703 κατά
419 2650 477 2704 πᾶν
495 2641 531 2703 τὸ
550 2649 643 2715 σῶμα,
660 2640 742 2714 είπερ
760 2639 854 2703 πάντα
873 2642 926 2712 μὲν
944 2640 976 2698 ἐκ
993 2646 1052 2699 τῶν
1057 2644 1174 2741 Ιστοιχεί
1174 2664 1216 2700 ων
1226 2644 1432 2716 μεμειγμένον,

173 2751 190 2789 ο
180 2725 279 2788 ”δέ
245 2750 294 2797 τις
305 2732 409 2800 μίξεως
420 2724 509 2802 λόγος
521 2723 647 2800 άρμσνία
659 2732 709 2786 καί
721 2724 805 2802 ψυχῆ.
831 2720 997 2798 άπαιτῆοειε
1009 2719 1069 2781 6’'
1048 2746 1086 2784 αν
1097 2746 1140 2792 τις
1151 2722 1239 2785 τοῦτό
1251 2748 1285 2800 γε
1295 2732 1344 2785 καί
1356 2723 1430 2800 παρ’

171 2810 404 2884 Ἐμπεδοκλέους·
429 2811 553 2873 ἕκαστον
575 2812 632 2886 γάρ
656 2807 752 2872 αὐτῶν
773 2807 864 2884 λόγωι
886 2813 943 2869 τινί
964 2830 1049 2883 φησιν
1070 2805 1158 2868 εἰναι·
1183 2806 1312 2884 πότερον
1336 2804 1388 2871 σάν
1412 2809 1429 2871 6

171 2895 259 2973 λόγος
277 2898 353 2957 ἐστίν
371 2895 388 2971 ῆ
400 2895 484 2973 ψυχῆ,
502 2896 641 2971 ἢμάλλσν
652 2892 755 2969 ἕτερόν
766 2918 794 2955 τι
807 2888 880 2955 οὖσα
892 2893 1034 2969 ἐγγίνεται
1045 2904 1107 2963 τοῖς
1118 2918 1139 2966 μ
1140 2896 1215 2954 έλεσι
1226 2902 1294 2963 [νει.
1302 2898 1321 2953 ί.
1328 2898 1429 2968 μέρεσι

170 2986 217 3042 vel
238 2989 383 3056 μιχθεῐσι].
419 2980 461 3041 ἔτι
482 2983 512 3041 δὲ
530 2978 658 3054 πότερον
676 2977 693 3055 6
712 2984 796 3041 Φιλία
815 2986 864 3053 τῆς
881 2975 1019 3052 τυχούσης
1036 3002 1054 3038 α
1055 2981 1114 3038 ίτία
1130 2976 1270 3051 μίξεσς”
1252 3004 1269 3053 η
1286 2986 1335 3055 τῆς
1351 2979 1427 3039 κατά

119 3078 149 3129 00
171 3068 224 3129 τάν
246 3066 349 3143 λόγους
384 3073 433 3127 καί
456 3089 526 3141 αυτη
549 3064 677 3140 πότερον
700 3061 716 3125 6
739 3062 827 3139 λόγος
849 3060 960 3137 ἐστίνῆ
982 3062 1062 3136 παρά
1081 3062 1134 3122 τάν
1155 3060 1246 3138 λόγον
1267 3061 1370 3138 ἕτερόν
1387 3087 1428 3137 τι,·

170 3156 205 3213 σί.
219 3155 339 3226 Meoeph.
350 3155 435 3211 Alo.
448 3158 510 3209 000·
521 3158 561 3209 15.
588 3151 893 3255 [Διιπολίίοεψίτίίσθ.
901 3149 1004 3205 405020
1020 3142 1058 3207 ’0.
1076 3149 1172 3207 αἰτίαν
1189 3144 1290 3218 άπλῶς
1306 3148 1357 3222 τῆν
1374 3155 1428 3210 τοῦ

171 3234 260 3299 σ’στοῦ
277 3235 370 3312 φάσιν.
396 3234 458 3311 (ἐτι
474 3243 491 3295 6
491 3235 560 3307 Ἡ)
529 3258 610 3309 ειπερ
621 3228 739 3295 άπαντα
751 3233 804 3294 τὸν
817 3228 907 3293 αὐτὸν
918 3229 1008 3306 λόγον
1019 3230 1124 3307 ἔχει·
1089 3254 1139 3305 της
1148 3237 1263 3305 μίξεως,
1281 3228 1426 3307 άδιάφορα

169 3324 255 3399 ἐχρῆν
274 3322 366 3382 ’ἰππου
388 3327 437 3381 καί
459 3322 578 3390 λέοντος
599 3326 648 3379 καί
671 3315 831 3392 α’νθρῶπου
853 3315 936 3378 εἰναι.
974 3320 1141 3376 num.
1158 3328 1263 3390 quaest.
1280 3327 1337 3376 nat.
1355 3325 1396 3388 20,
1409 3326 1424 3375 2

167 3428 195 3483 p.
208 3411 299 3467 9176.
320 3405 442 3467 ἐνιοιέ
413 3408 442 3465 δέ
459 3427 547 3481 φασιν
565 3398 665 3478 ῶσπερ
682 3402 827 3480 γάλακτος
846 3398 939 3475 άρρὸν
956 3409 1009 3461 τοῦ
1027 3400 1149 3474 αἵματος
1166 3404 1365 3477 ταραχθέντος
1382 3401 1425 3460 ἐκ

117 3502 147 3553 05
167 3491 326 3567 κροῦεσθαι
344 3492 379 3551 τὸ
398 3488 563 3563 δάκρυον,
581 3486 622 3559 ῶς
638 3486 674 3550 ’0.

269 3652 311 3704 10.
330 3644 594 3717 οοιιλιισεογσσεσ.
606 3644 663 3700 151
682 3658 709 3713 p.
721 3645 780 3707 225,
794 3645 825 3695 16
843 3640 936 3708 (Rom)
952 3640 1141 3697 deumbiliooz
1159 3633 1379 3712 συγκέκριταιδ
1392 3636 1424 3697 ἐκ

167 3728 315 3804 τεττάρων
327 3752 380 3789 τον
389 3723 516 3802 αριθμσν
525 3722 709 3802 αγγείωνδυο
719 3728 877 3798 φλεβοιδων
886 3718 1022 3782 καίδυο
1002 3745 1155 3796 αρτηριων
1167 3718 1205 3780 δι’
1218 3745 1260 3780 ων
1268 3723 1425 3797 εἰςθρέψιν

165 3808 216 3891 ῧλη
234 3814 367 3889 αίματικῆ
383 3817 432 3871 καί
444 3834 618 3885 πνευματικη
608 3810 860 3882 παρακομίζεται
872 3818 934 3876 τοῖς
945 3802 1088 3910 ἐμβρύοις
1118 3802 1279 3880 ἐμφῦεσθαι
1291 3808 1321 3865 66
1331 3812 1422 3866 ταῦτα

153 3892 352 3973 Ἐμπεδοκλῆς
368 3900 421 3969 μέν
438 3899 480 3967 εἰς
496 3896 533 3956 τὰ
551 3889 629 3971 ἧπαρ
647 3892 747 3962 οἴεται,
766 3898 893 3965 Φαῖδρος
909 3893 940 3951 δέ
957 3890 1045 3959 είς
1015 3913 1065 3964 την
1082 3895 1213 4003 καρδίαν

115 4064 145 4114 40
272 4057 313 4107 00.
331 4051 407 4156 Ισειι
424 4052 528 4123 Ι21ρ.
542 4054 599 4117 105,
613 4054 644 4106 10
667 4048 702 4104 εἰσ
723 4048 881 4105 mensuuis:
906 4042 965 4103 ἐστι
987 4041 1044 4117 γάρ
1069 4034 1119 4101 ὅτε
1142 4047 1191 4101 καί
1212 4049 1423 4114 προπαραλαμ·

165 4132 249 4211 βάντι
266 4134 346 4204 τινάς
362 4132 469 4210 ἡμέρας
486 4161 503 4208 η
492 4132 678 4209 ”immota
709 4136 796 4189 τοῦτο
815 4136 845 4189 δὲ
862 4128 894 4188 ἐν
911 4125 1027 4201 έκάστηι
1043 4125 1119 4187 κατά
1136 4126 1187 4200 τῆν
1204 4121 1315 4187 ἰδίαν’
1295 4133 1424 4186 απαντῦι

164 4224 350 4294 προθεσμίαν
360 4227 409 4279 καί
429 4216 493 4293 σῦ<κ
505 4214 564 4287 άεί)
581 4216 655 4279 κατά
668 4214 720 4284 τάς
733 4209 822 4284 αῦτάς
831 4204 1056 4288 (περιάδοος>”
1030 4231 1129 4284 ωσπερ
1143 4208 1160 4271 6
1173 4216 1295 4283 Διοκλῆς
1306 4211 1349 4282 [fr.
1362 4216 1422 4278 171]

164 4308 267 4379 (φησι)
284 4301 398 4374 πάσαις,
415 4311 464 4364 καί
476 4302 561 4365 πολιν
571 4300 617 4375 ’0,
635 4302 844 4372 ἐλαττουμένου
861 4320 914 4357 του
925 4318 1024 4371 φωτος
1034 4319 1085 4371 της
1095 4292 1222 4371 σεληνης
1248 4294 1279 4353 αί
1294 4293 1399 4366 μέν
1364 4319 1421 4369 γαρ

164 4412 223 4464 προ
214 4387 350 4459 ἐἰκάδος
368 4392 398 4449 αλ
415 4392 445 4450 66
461 4389 492 4447 ἐν
504 4386 593 4450 εἰκάδι
604 4391 808 4460 καθαίρονται,
824 4389 873 4442 καί
886 4378 979 4443 πάλιν
983 4381 1014 4440 αί
1023 4382 1077 4452 μέν
1089 4376 1285 4453 αὐξανομένου
1296 4385 1349 4439 τοῦ
1361 4402 1421 4453 φω·

113 4484 144 4535 45
165 4476 220 4544 τὸς
237 4482 287 4549 τῆς
305 4471 421 4550 σελῆνης
439 4476 469 4534 αί
486 4476 517 4534 66
533 4476 712 4546 μειουμένσυ.
750 4471 795 4539 [σί.
806 4471 857 4527 Ar.
870 4468 999 4525 domim.
1009 4466 1149 4525 hist-112.
1162 4470 1224 4523 502·
1234 4468 1285 4531 04].

216 4570 316 4624 melu.
330 4568 507 4625 Ροοίυρίιίλοι
1198 4557 1213 4606 7
