3500 5075
572 332 605 386 B.
623 332 679 387 ΓΒ.
697 334 806 388 ἔνθ-66.
842 330 963 387 moon
1337 332 1398 393 201

719 504 752 555 61
771 504 823 567 [68]

250 586 334 643 Sm.
350 586 415 644 adv.
431 586 515 643 moth.
531 587 546 641 Ι
563 590 594 641 δθ
611 580 748 658 χρειώδης
765 584 843 643 ἐστίν
860 580 878 659 ή
895 582 1134 658 γραμματιστική.
1152 587 1249 643 καίτοι
1267 579 1347 651 δόξαι
1364 581 1402 643 όν

148 690 222 729 τισιν
243 669 290 729 ἐπί
311 675 362 742 τῆς
382 668 516 738 ἐναντίας
539 666 610 728 εἶναι
633 668 807 743 προλήψεως
831 666 848 728 6
874 669 1025 745 προφήτης
1047 674 1107 728 τῶν
1131 666 1288 743 Πόρρωνος
1304 666 1402 741 λόγων

152 761 181 814 Τ.
199 754 232 814 έν
249 750 294 823 οἷς
310 769 390 829 φησι·
405 749 700 829 ιγραμματιιιή-
716 750 878 826 Κόδμου’.
914 762 955 812 54.
974 749 1008 814 οό
1031 753 1088 829 μήν
1106 748 1197 822 οότιυς
1215 751 1290 827 ἔχειν
1305 757 1401 827 φαίνε-

149 861 204 899 ται.
239 840 274 899 τό
293 838 350 914 γὰρ
366 836 418 899 ὕπ’
437 835 527 900 αὐτοῦ
543 835 702 913 λεγόμενον
720 838 774 898 οὰκ
792 837 851 899 ἔστι
864 846 1000 899 τοιοῦτον
1016 837 1082 898 κατ’
1103 835 1189 913 αότῆς
1206 845 1255 913 τῆς
1271 860 1402 913 γραμμα·

149 930 281 997 τιστικῆς,
297 920 372 984 καθ’
395 920 430 998 ἢν
447 922 656 985 διδάσκεται
679 920 715 985 τὰ
735 922 924 985 Φοινικικὰ
947 921 1087 999 σήματα
1112 920 1271 996 Κάδμου,
1289 922 1324 982 τὸ
1344 917 1401 983 οὗ·

149 1013 253 1080 δεμία
277 1008 376 1069 ἐστίν
397 1004 589 1084 άνασκοπή
611 1004 685 1085 οόδ’
707 1005 922 1086 όνάθρη,σις’
940 1053 948 1067 .
968 1056 975 1069 .
994 1051 1002 1067 .
1022 1055 1029 1068 .
1051 1004 1124 1069 ὰλλά
1146 1014 1258 1081 μᾶλλον
1283 1014 1401 1068 τοιοῦτο

149 1110 231 1168 φησι·
245 1090 421 1169 ιδιδαχθέντι
445 1094 481 1155 τὰ
501 1096 648 1155 Φοινικικὰ
673 1094 786 1169 σήματα
810 1092 929 1166 Κάδμου
952 1090 1085 1165 οὐδεμιᾶς
1106 1092 1193 1168 ἄλλης
1214 1091 1295 1169 παρὰ
1312 1092 1401 1154 τοῦτό

148 1177 210 1237 ἐστι
226 1185 424 1253 γραμματικῆς
440 1176 623 1252 ἐπιστροφή,
648 1174 722 1254 ὅπερ
739 1181 934 1252 καταστρέφει
952 1174 1006 1239 οόκ
1023 1182 1063 1249 είς
1079 1179 1115 1239 τὰ
1127 1174 1282 1255 άχρηστεῖν
1298 1174 1403 1253 ταότην

149 1260 200 1335 τήν
217 1262 249 1322 ἐν
266 1274 330 1331 τοῖς
346 1268 500 1337 στοιχείοις
521 1269 570 1322 καί
587 1270 639 1324 τῶι
661 1261 701 1323 δι’
719 1258 816 1323 αότῶν
837 1262 961 1339 γράφειν
982 1286 1014 1325 τε
1036 1270 1086 1325 καί
1102 1260 1311 1341 άναγινῶσκειν
1327 1270 1402 1323 θεω·

150 1348 290 1423 ρσνμένην
307 1342 378 1408 ὰλλὰ
401 1348 453 1423 τήν
474 1350 622 1423 πέρπερον
642 1354 691 1407 καί
712 1350 947 1424 περιεργοτέραν.
981 1347 1071 1424 ήμέυ
1091 1352 1149 1425 γὰρ
1170 1355 1230 1409 τῶν
1251 1352 1403 1422 στοιχείων

148 1439 249 1507 χρήσις
264 1432 381 1507 ἤπειγεν
403 1435 444 1500 εἰς
467 1432 519 1507 τήν
540 1438 593 1494 τοῦ
614 1436 683 1508 βίον
704 1432 885 1509 διεξαγωγήν,
907 1434 943 1495 τό
963 1438 993 1495 δὲ
1013 1433 1053 1508 μή
1070 1430 1226 1507 ὰρκείσθαι
1241 1440 1287 1508 τήι
1303 1433 1337 1493 έκ
1353 1440 1403 1507 τής

149 1516 376 1593 παρατηρήσεως
393 1515 506 1577 τοότων
522 1513 690 1590 παραδόσει,
708 1516 975 1590 προσεπιδεικνόναι
993 1520 1032 1591 δέ,
1055 1515 1095 1587 ῶς
1111 1522 1180 1579 τάδε
1196 1520 1251 1591 μέν
1266 1518 1328 1579 ἐστι
1344 1541 1403 1589 φω-

150 1599 255 1663 νάεντα
273 1610 318 1677 τήι
329 1602 420 1677 φάσει,
438 1600 505 1663 τάδε
523 1606 553 1663 δέ
566 1600 715 1678 σόμφωνα,
732 1608 781 1663 καί
798 1610 858 1662 τῶν
870 1606 1048 1677 φωναέντων
1065 1603 1101 1664 τὰ
1117 1605 1172 1676 μέν
1183 1604 1266 1679 φόσει
1281 1604 1403 1677 βραχέα,

150 1686 186 1748 τὰ
203 1689 234 1747 δέ
250 1684 358 1763 μακρά,
384 1686 419 1747 τὰ
438 1690 468 1748 δὲ
485 1692 606 1763 δίχρονα
628 1694 677 1747 καί
694 1687 777 1747 κοινὰ
800 1686 909 1761 μήκους
930 1694 1028 1748 τεκαὶ
1046 1695 1185 1763 συστολῆς
1206 1695 1255 1748 καί
1271 1688 1404 1748 καθόλου

150 1773 186 1831 τὰ
204 1771 292 1832 λοιπὰ
309 1779 376 1849 περί
392 1763 435 1831 ιόν
453 1774 480 1833 οδ
497 1774 691 1848 τετυφωμένοι
714 1778 774 1832 τῶν
790 1778 1000 1847 γραμματικῶν
1022 1771 1205 1833 διδάσκουσιν
1222 1776 1310 1841 [doost
1326 1775 1404 1832 volut

150 1852 294 1927 μάταισν1.

303 1954 525 2036 γραμματική,
548 1959 607 2037 τῆς
631 1952 671 2013 οὔ
692 1972 745 2026 τις
767 1952 943 2036 ἀνασκοπῇ
968 1946 1045 2013 οὐδ’
1068 1950 1262 2035 ἀνάθρησις

303 2048 401 2137 ἀνδρί
424 2048 671 2131 όιόασκομένιιιι
695 2054 871 2115 Φοινικικὰ
897 2054 1030 2137 σήματα
1054 2048 1205 2131 Κάδμου.
1280 2104 1284 2113 .

726 2271 758 2322 62
779 2269 831 2332 [51]

253 2350 337 2407 δεῖν.
356 2351 421 2407 adv.
438 2350 621 2407 math.v119
645 2346 661 2408 6
683 2350 738 2421 μέν
758 2348 816 2424 γὰρ
835 2345 958 2409 Πλάτων
980 2349 1092 2420 παντός
1108 2352 1215 2426 μέρους
1231 2351 1408 2423 φιλοσοφίας

152 2428 240 2492 αότῶι
258 2434 383 2502 [Socrati]
401 2438 598 2506 μεταδίδωσιν,
620 2438 675 2495 τοῦ
690 2436 745 2505 μέν
762 2442 880 2510 λογικοῦ
903 2434 1039 2511 παρόσον
1056 2440 1122 2508 περί
1141 2429 1221 2510 όρων
1237 2438 1286 2492 καί
1304 2434 1405 2506 διαιρέ-

152 2541 228 2580 σεων
243 2524 293 2579 καί
314 2518 503 2595 ἐτυμολογίας
526 2525 714 2594 παρεισήκται
736 2524 838 2596 ζητῶν,
860 2516 936 2595 άπερ
958 2521 1019 2582 ἐστί
1042 2518 1154 2595 λογικά,
1176 2520 1280 2580 τοῦδέ
1303 2512 1407 2591 ήθικσῦ

154 2599 198 2665 ότι
216 2610 283 2680 περί
294 2600 399 2680 άρετής
413 2610 462 2663 καί
474 2609 622 2673 πολιτείας
638 2610 687 2664 καί
705 2604 805 2678 νόμων
816 2603 1027 2676 διάσκεπτεται,
1043 2612 1096 2666 τοῦ
1113 2608 1143 2666 δέ
1154 2611 1277 2678 φυσικοῦ
1295 2596 1341 2663 ότι
1357 2609 1407 2662 καί

152 2696 219 2764 περί
236 2690 349 2762 κόσμου
366 2712 392 2749 τι
411 2695 459 2748 καί
481 2694 547 2761 περὶ
569 2694 743 2765 ζωιογονίας
766 2696 815 2750 καί
833 2697 925 2766 ψυχῆς
942 2684 1184 2766 πεφιλοσόφηκεν.
1220 2685 1305 2748 ἔνθεν
1320 2692 1371 2746 καί
1388 2683 1405 2745 6

157 2781 186 2832 Τ.
200 2777 324 2837 αίτιᾶται
343 2775 396 2834 τόν
409 2771 579 2835 Πλάτωνα
598 2771 644 2833 ἐπί
657 2781 708 2833 τῶι
721 2767 797 2835 σέτω
809 2779 1002 2846 καλλωπίζειν
1019 2777 1073 2835 τόν
1085 2770 1277 2848 Σωκράτην
1288 2777 1408 2840 πολλοῖς

153 2857 335 2934 μαθήμασιν·
349 2857 385 2933 ιή
401 2854 472 2933 γὰρ’
489 2881 557 2933 φησι
572 2858 651 2919 ’τόν
669 2854 733 2920 οόκ
749 2859 928 2919 ἐθέλοντα
946 2871 1067 2931 μεῖναι
1085 2851 1287 2936 ήθσλόγον’.

256 2980 352 3020 vorsus
369 2965 521 3033 recuperon'
537 2963 586 3017 vix
602 2971 704 3032 potest.
722 2954 739 3036 ἢ
756 2962 794 3037 δα
813 2961 867 3020 τόν
885 2957 938 3021 οόκ
950 2961 1060 3020 ἐθέλων
1075 2971 1246 3035 καταμεῖναι
1258 2954 1408 3034 ήθσλόγσν

154 3047 340 3105 Wachsmuth.
358 3048 496 3104 Socratem
508 3041 656 3119 ήθσλόγσν
666 3065 790 3104 ommam
801 3048 915 3104 atticum
932 3054 1023 3117 (quom
1035 3048 1144 3104 dioobot
1154 3047 1305 3117 Epicureus
1315 3046 1408 3112 Zeno),

155 3133 235 3189 Plato
247 3133 345 3190 altiora
357 3136 503 3203 spirantem
516 3134 632 3188 invitum
649 3133 724 3188 faoit„
759 3133 918 3190 dubitontor
927 3149 1055 3204 propono
1067 3133 1145 3189 volut
1161 3124 1231 3206 ήρε,
1249 3133 1327 3204 φησί,
1344 3130 1408 3189 τόν

156 3210 218 3275 οόκ
234 3215 409 3276 ἐθέλοντα
427 3215 470 3292 μή
489 3213 582 3276 εἶναι
601 3209 791 3289 ήθσλόγσν.

258 3474 340 3531 Suo.
357 3474 421 3530 adv.
438 3471 522 3528 math.
539 3472 581 3528 XI
598 3477 645 3528 141
670 3391 887 3543 έόόάίήιὰὰθμῧέὰ]
901 3469 979 3529 ἐστιν
997 3467 1015 3530 6
1034 3464 1189 3545 άταράχως
1206 3468 1343 3543 διεξάγων
1358 3473 1409 3528 καί

155 3555 196 3627 ῶς
214 3553 311 3633 ἔλεγεν
329 3554 346 3617 6
368 3563 398 3615 Τ.
416 3555 448 3616 έν
465 3554 576 3630 ήσυχίαι
594 3560 643 3614 καί
660 3553 831 3630 γαληνότητι
848 3550 1012 3623 καθεστώς·

310 3669 438 3752 πάντηι
459 3667 522 3751 γὰρ
546 3667 660 3744 ἐπεῖχε
682 3663 818 3751 γαλήνη,

156 3751 206 3805 καί

309 3822 367 3882 τδν
390 3811 423 3882 6'
450 3821 496 3895 ὡς
519 3817 576 3882 οὖν
599 3817 747 3904 ἐνδησία)
770 3819 805 3880 έν
826 3819 1019 3902 νηνεμίηισι
1040 3813 1184 3901 γαλήνης

258 3943 358 4024 ένόησ’
370 3950 446 4018 libn·;
464 3951 520 4006 oo'l.
532 3949 643 4014 Ίῖιιιοιι,
684 3947 718 4004 of.
733 3952 750 4004 λ
763 3952 812 4002 δλδ
830 3939 924 4005 τόνδ’
942 3942 983 4014 ῶς
1000 3938 1052 4004 οὖν
1064 3941 1161 4017 ένόησ’
1178 3935 1342 4014 Εόαίμονος
1358 3935 1409 4016 όγ-

157 4032 228 4104 λαὰς
244 4033 305 4102 υίός

678 4156 720 4206 65.
732 4155 765 4206 66
784 4155 833 4218 [5'1.
846 4155 890 4216 23]

259 4238 343 4294 Sm.
356 4238 420 4294 adv.
432 4238 517 4294 math.
528 4237 568 4292 xl
582 4240 630 4292 171
650 4235 679 4294 αδ
697 4235 729 4308 δή
741 4241 871 4295 τοιαῦται
883 4232 1052 4309 ὑποσχέσεις
1069 4234 1231 4300 [stoioomm
1245 4233 1340 4304 qualos
1355 4227 1409 4301 μό·

157 4341 208 4388 νος
226 4317 243 4380 6
262 4317 357 4394 σοφός
377 4317 523 4389 πλοόσιος]
546 4319 699 4394 θηρεύουσι
723 4321 777 4392 μέν
799 4319 866 4390 τούς
888 4322 972 4388 νέους
994 4317 1087 4377 ἐλπίσι
1111 4327 1245 4392 ψυχραῖς.
1268 4311 1362 4376 οόκέτι
1380 4316 1410 4374 δέ

157 4407 230 4464 εἰσιν
246 4403 370 4481 ὰληθεῑς.
405 4404 484 4481 παρὰ
506 4411 554 4464 καί
574 4402 590 4464 6
612 4413 641 4465 Τ.
666 4403 715 4466 ότδ
736 4407 789 4479 μέν
811 4403 879 4474 τσὰς
899 4403 1164 4480 ἐπαγγελλομένους
1182 4399 1233 4477 τήν
1249 4401 1411 4477 παράδοσιν

158 4483 255 4549 αότῶν
272 4488 455 4560 ἐπισκώπτει,
473 4493 565 4565 λέγων
