3500 5075
319 325 382 387 104
810 331 834 381 5.
852 325 1097 385 EMPEDOCLES

313 491 413 565 ισύνιες
432 488 449 554 ό
467 516 512 554 τοι
530 490 618 570 λέγω’
637 490 690 568 ἔφη
703 499 857 570 Πίνδαρος,
875 493 953 554 ἐστιν
969 492 1028 570 γάρ
1043 492 1122 568 χρόα
1139 487 1274 568 ἀπορροή
1294 460 1449 568 σχῆμάτων
1466 492 1573 566 [σῶμά

317 602 377 640 των
393 582 485 650 Alex„
502 581 519 637 l.
536 580 693 654 χρήματων
715 597 776 638 oum
793 582 818 637 Τ
835 598 904 637 οοττ.
921 581 956 638 αλ.
974 581 1049 636 Βινί.
1066 581 1134 637 βία.
1149 584 1223 648 1394,
1242 584 1302 646 949]
1322 576 1393 653 δφει
1410 576 1574 655 σύμμετρος

316 671 366 724 καί
383 666 530 740 αἰσθητός.
564 668 639 723 Αιπ.
657 669 753 736 Ι15,3
771 666 817 733 [D.
830 671 890 732 313]
912 659 1101 738 Ἐμπεδοκλῆς
1120 670 1225 737 χρῶμα
1248 661 1323 723 εἰναι
1340 659 1519 737 ἀπεφαίνετο
1537 662 1573 724 τὸ

317 762 380 818 τοῖς
396 750 502 822 πόροις
519 757 569 823 τῆς
587 747 888 826 όψεωςζίναρμόττον.
915 751 1040 822 τέτταρα
1057 752 1089 809 δέ
1104 759 1168 816 τοῖς
1178 753 1334 823 στοιχείοις
1345 745 1495 825 ἰσάριθμα,
1511 756 1573 809 λευ-

280 839 294 889 5
315 835 370 895 κόν
377 837 467 908 με’λαν
475 831 709 910 ἐρυθρόνιόχρόν
718 842 763 903 [an
771 837 790 892 i.
800 853 827 907 q.
835 833 953 908 χλωρόν
961 835 996 892 σί.
1006 834 1102 892 Galen.
1111 835 1166 892 XV
1174 836 1242 891 5542
1255 834 1572 902 atei.110neiit.ir.101.

419 956 658 1026 93.1n.1v16,1
678 955 724 1026 [D.
733 960 793 1022 496]
817 947 854 1013 ii.
877 952 930 1027 τήν
951 947 1046 1026 ἀκοήν
1066 957 1200 1027 γίνεσθαι
1217 955 1293 1013 κατά
1313 953 1365 1027 τήν
1381 954 1573 1024 πρόσπτωσιν

317 1037 481 1110 πνεύματος
503 1044 555 1098 τῶι
576 1037 740 1112 χονδρώδει,
765 1029 841 1112 όπερ
862 1044 949 1112 φησίν
970 1036 1141 1112 ἐξηρτῆσθαι
1166 1036 1250 1107 ἐντὸς
1271 1043 1324 1098 τοῦ
1341 1035 1419 1107 ῶτός
1434 1037 1572 1106 κιόδωνος

315 1127 400 1198 ’δίκην
417 1123 616 1197 αἰωρούμενον
632 1128 682 1182 καί
700 1121 882 1195 τυπτόμενον
900 1125 943 1191 [ei.
960 1123 995 1179 fr.
1008 1128 1060 1190 991.

421 1248 463 1299 94.
480 1245 522 1300 In.
540 1243 581 1300 Ν
601 1249 641 1312 17,
660 1248 675 1300 2
694 1243 739 1310 [D.
751 1248 811 1310 40¹1]
834 1237 870 1301 Ἐ.
894 1251 958 1311 ταῖς
981 1236 1143 1311 ἀναπνοαῖς
1164 1251 1228 1310 ταῖς
1249 1237 1310 1301 ἀπό
1334 1247 1387 1302 τοῦ
1409 1239 1572 1314 πνεύμονος

267 1331 296 1381 10
318 1333 567 1403 συνεισκρίνεσθαι
585 1324 636 1401 τήν
649 1321 752 1400 όσμήν·
772 1322 845 1387 όταν
856 1332 929 1402 γοῦν
945 1324 962 1400 ἦ
977 1307 1112 1400 άναπνοή
1123 1334 1231 1402 βαρεῖα
1242 1329 1367 1401 γένηται,
1382 1326 1459 1387 κατὰ
1470 1325 1570 1403 τραχύ

317 1435 388 1488 τητα
405 1411 443 1486 μή
456 1409 709 1479 συναισθάνεσθαι,
727 1409 767 1481 ῶς
784 1412 831 1472 ἐπὶ
849 1419 909 1472 τῶν
921 1412 1178 1488 ῥευματιζομένων.
1205 1414 1294 1470 Arist.
1306 1413 1437 1470 desem
1453 1419 1479 1469 4.
1490 1418 1571 1470 4419

316 1496 333 1572 ή
352 1501 383 1559 δέ
394 1503 489 1573 γεῦσις
506 1495 564 1571 όιφή
582 1501 626 1566 τίς
637 1497 724 1557 ἐστιν.
758 1493 774 1570 'i
792 1500 846 1569 μὲν
864 1489 916 1557 ούν
934 1502 987 1557 τοῦ
998 1491 1102 1565 ῦδατος
1119 1498 1202 1571 φύσις
1212 1499 1349 1572 βούλεται
1361 1494 1472 1569 άχυμος
1489 1493 1570 1556 εἰναι.

317 1579 428 1658 ἀνάγκη
445 1577 472 1640 δ’
490 1579 508 1655 ή
524 1583 556 1641 ἐν
568 1580 658 1642 αῦτῶι
674 1580 709 1642 τὸ
722 1577 797 1657 ῦδωρ
816 1579 892 1656 ἔχειν
909 1582 946 1641 τό
964 1582 1032 1655 γένη
1050 1587 1110 1640 τῶν
1119 1587 1219 1655 χυμῶν
1231 1577 1395 1656 ἀναίσθητα
1412 1581 1457 1642 διά
1470 1581 1570 1654 μικρό-

316 1691 396 1743 τητα,
413 1666 549 1740 καθάπερ
567 1660 602 1726 'li
621 1689 714 1742 φησιν.

266 1789 294 1838 15
418 1793 459 1843 95.
476 1789 518 1844 In.
530 1789 570 1845 IV
582 1792 608 1855 9,
621 1793 652 1843 14
665 1787 710 1855 [D.
720 1791 780 1853 398]
795 1787 974 1860 Παρμενίδης
983 1779 1020 1844 ’λλ
1032 1784 1158 1857 ἐλλείψει
1169 1790 1280 1858 τροφῆς
1290 1785 1343 1859 τήν
1354 1783 1457 1859 δρεξιν.
1484 1761 1497 1844 ί
1499 1793 1523 1843 5.
1535 1780 1570 1846 ’λλ

316 1869 368 1942 τάς
376 1869 481 1946 ήδσνάς
493 1875 624 1946 γίνεσθαι
636 1883 699 1940 τοῖς
709 1873 763 1942 μὲν
774 1866 889 1942 ὁμοίοις
897 1871 963 1939 (ἐκ)
972 1875 1031 1928 τῶν
1042 1867 1164 1942 όμοίων,
1173 1868 1250 1930 κατὰ
1262 1872 1292 1930 δὲ
1303 1869 1339 1930 τό
1351 1870 1484 1932 ἐλλεῖπον
1495 1869 1572 1941 πρός

316 1956 369 2030 τήν
380 1951 593 2031 ἀναπλήρωσιν,
611 1951 686 2016 ιῦστε
703 1960 756 2015 τῶι
767 1953 929 2014 ἐλλείπουσι
947 1951 964 2027 ή
983 1953 1076 2028 ὄρεξις
1093 1961 1147 2014 τοῦ
1160 1951 1273 2025 όμοίου.
1302 1953 1354 2025 τὰς
1372 1951 1399 2015 δ’
1412 1951 1571 2030 ἀλγηδόνας

316 2051 378 2109 τοῖς
389 2041 540 2109 ἐναντίοις·
558 2035 772 2114 ἠλλοτριῶσθαι
789 2039 847 2114 γάρ
865 2037 941 2111 πρός
953 2039 1060 2115 άλληλα
1078 2031 1135 2100 όσα
1153 2042 1281 2113 διαφέρει
1292 2038 1368 2101 κατά
1385 2062 1417 2100 τε
1434 2040 1486 2114 τήν
1503 2039 1569 2114 σύγ·

315 2146 409 2199 κρισιν
425 2131 475 2185 καί
491 2123 544 2196 τήν
561 2130 620 2184 τῶν
637 2129 790 2199 στοιχείων
806 2129 918 2198 κρᾶσιν.
953 2127 980 2183 V
991 2130 1025 2181 23
1043 2126 1088 2192 [D.
1099 2131 1160 2193 449]
1177 2119 1213 2184 Ἑ.
1230 2126 1283 2194 τὰς
1299 2127 1353 2198 μέν
1371 2120 1477 2197 ὀρέξεις
1494 2129 1569 2200 γίνε-

264 2213 294 2262 20
315 2217 383 2270 σθαι
401 2221 464 2279 τοῖς
480 2207 576 2282 ζιόιοις
597 2209 672 2270 κατά
696 2209 748 2280 τάς
771 2211 913 2278 ἐλλείψεις
934 2215 994 2269 τῶν
1016 2203 1239 2270 ἀποτελούντων
1261 2208 1387 2270 ἕκαστον
1409 2214 1569 2285 στοιχείων,

316 2295 368 2363 τάς
385 2297 415 2355 δέ
436 2291 540 2368 ήδονάς
557 2294 589 2364 ἐξ
605 2298 715 2356 οἰκείου
740 2293 840 2370 [ύγροῦ
857 2296 920 2353 libri
937 2296 972 2353 ci.
990 2297 1027 2352 ad
1043 2314 1070 2352 n.
1083 2301 1127 2362 84]
1152 2300 1201 2355 καί
1221 2295 1331 2363 [κατάλ]
1348 2296 1402 2363 τάς
1427 2301 1487 2354 τῶν
1511 2317 1569 2354 κιν-

316 2377 406 2440 δόνων
415 2385 569 2454 [συγγενῶν
574 2382 597 2448 i]
607 2385 657 2439 καί
666 2375 778 2452 όμοίων
788 2378 912 2450 κινήσεις
923 2378 1086 2453 [κράσειςλ]
1097 2378 1149 2448 τάς
1160 2381 1191 2439 δὲ
1203 2373 1334 2453 ὀχλήσεις
1343 2385 1392 2439 καὶ
1405 2381 1457 2449 ταὶς
1468 2374 1568 2456 (άλγη

315 2462 403 2533 δόνας
419 2464 451 2534 ἐξ
466 2465 637 2541 ἀνοικείου).

418 2589 459 2640 93.
476 2587 553 2642 lm
570 2586 610 2642 IV
623 2591 691 2654 5,12
710 2587 754 2651 ΙΙ).
768 2590 827 2653 392]
854 2588 1033 2658 Παρμενίδης
1058 2590 1107 2643 καί
1123 2580 1159 2644 Ἐ.
1184 2589 1234 2643 καί
1256 2581 1437 2659 Δημόκριτος
1461 2578 1570 2645 ταύτόν

263 2670 293 2721 25
314 2675 384 2729 νοῦν
399 2674 449 2729 καί
466 2669 568 2743 ψυχήν,
584 2664 657 2728 καθ’
678 2666 729 2738 σῦς
750 2664 834 2731 οῦδὲν
852 2667 890 2730 άν
906 2669 950 2744 εἰη
967 2674 1055 2741 ζῶισν
1073 2666 1183 2744 άλογον
1199 2674 1312 2742 κυρίως.

422 2810 463 2861 91.
480 2807 522 2862 ln.
534 2806 575 2863 1v
587 2810 639 2873 5,8
658 2807 703 2872 [D.
716 2810 775 2873 391]
792 2798 829 2864 Ἔ.
847 2804 880 2864 ἐν
897 2810 942 2878 τῆι
959 2809 1014 2865 τοῦ
1030 2802 1154 2876 αἵματος
1164 2802 1300 2864 συστάσει
1319 2812 1365 2873 [ευ.
1383 2804 1419 2866 τό
1437 2803 1568 2881 ήγεμονι·

314 2887 370 2947 κόν
387 2886 468 2956 εἶναι]
486 2891 520 2945 oi.
538 2891 676 2947 Th00d0r·
693 2891 763 2947 vii
786 2888 823 2949 ’a
842 2931 890 2949 ...
914 2889 967 2964 τήν
991 2893 1114 2962 καρδίαν
1136 2887 1345 2965 ἀπεκλήρωσαν
1370 2888 1486 2951 τούτωι.
1519 2896 1569 2950 καί

315 2970 427 3033 τούτων
444 2968 472 3031 δ’
491 2965 526 3033 αύ
544 2971 631 3033 πάλιν
647 2974 676 3032 σί
693 2976 746 3043 μὲν
762 2974 794 3033 ἐν
812 2979 857 3047 τῆι
874 2978 982 3033 κοιλίαι
1000 2980 1051 3049 τῆς
1067 2980 1196 3049 καρδίας,
1215 2976 1243 3034 ολ
1261 2978 1290 3035 δέ
1307 2974 1340 3034 ἐν
1356 2982 1408 3034 τῶι
1427 2973 1534 3047 αἵματι.

418 3098 460 3149 93.
479 3092 605 3149 Omma
623 3093 720 3149 Aurei.
737 3094 825 3150 morb.
844 3094 936 3151 chron.
953 3095 996 3150 15
1023 3095 1186 3163 (desumto)
1214 3095 1407 3166 Empedoclem
1431 3100 1569 3167 εεηασπία

264 3188 293 3236 39
316 3176 403 3233 alium
421 3176 516 3231 διανεί
532 3194 572 3274 τοι·
582 3177 870 3249 απίιπίριινρσιπευδο
888 3178 955 3249 fieri
980 3179 1068 3277 πίδακα
1091 3180 1257 3236 οίίεπσίίοπι
1282 3180 1382 3277 mentis
1398 3197 1433 3277 υτ
1448 3181 1570 3251 eorporis

203 3331 265 3405 ..ι
314 3262 1569 3427 ii“fiitiiiiiifziiii²⁶:iii“imiimi-32?ii

314 3433 405 3502 μανία
423 3432 632 3497 continuum).

417 3555 458 3606 99.
475 3552 573 3607 Pmo
583 3548 700 3605 Phaedr.
713 3554 763 3605 243
773 3548 795 3607 O
807 3551 933 3616 [imitatio
947 3554 1118 3624 Καθαρμῶν
1134 3553 1168 3608 σί.
1180 3552 1213 3607 ir.
1225 3557 1285 3619 115]
1297 3549 1408 3624 θεσμός
1425 3573 1457 3611 τε
1474 3548 1568 3622 ’Adou-

263 3646 293 3695 35
316 3638 414 3703 στείας
426 3626 487 3695 όδε·
500 3626 561 3709 ήτις
574 3631 610 3693 όν
624 3633 699 3707 ψυχή
711 3638 783 3692 θεῶι
795 3633 955 3704 ξυνοπαδὸς
963 3637 1103 3711 γενομένη
1115 3636 1224 3710 κατίδηι
1236 3658 1263 3695 τι
1275 3642 1334 3695 τῶν
1344 3633 1467 3713 ἀληθῶν,
1484 3640 1567 3710 μέχρι

314 3740 346 3779 τε
357 3725 407 3793 τῆς
419 3718 519 3792 ἑτέρας
531 3716 667 3795 περιόδου
679 3716 751 3777 εἰναι
764 3714 908 3791 ἀπήμονα,
924 3718 981 3781 κάν
992 3716 1039 3781 ἀεί
1050 3727 1137 3781 τοῦτο
1151 3722 1264 3796 δύνηται
1275 3732 1378 3790 ποιεῖν,
1396 3717 1441 3783 ἀεὶ
1453 3718 1568 3799 ἀβλαβῆ

314 3802 395 3866 εἰναι.
424 3800 496 3865 ὅταν
513 3806 544 3865 δέ
560 3800 760 3876 ἀδυνατήσασα
778 3804 951 3864 ἐπισπέσθαι
968 3805 1007 3880 μή
1024 3804 1086 3881 ἰδηι,
1102 3810 1154 3865 καί
1171 3828 1226 3865 τινι
1242 3810 1388 3880 συντυχίαι
1402 3810 1568 3883 χρησαμένη

313 3888 402 3966 λήθης
418 3912 450 3951 τε
466 3896 516 3949 καί
532 3892 635 3955 κακίας
652 3894 811 3962 πλησθεῖσα
827 3896 980 3965 βαρυνθήι,
996 3897 1178 3966 βαρυνθεῖσα
1194 3891 1225 3949 δὲ
1243 3890 1453 3966 πτερορρυήσηι
1470 3899 1568 3953 τεκαὶ

313 3974 361 4036 ἐπί
378 3975 429 4051 τήν
445 3981 499 4051 γῆν
516 3976 607 4047 πέσηι,
624 3972 692 4032 τότε
705 3970 796 4044 νόμος
812 3970 919 4047 ταύτην
934 3974 973 4047 μή
985 3980 1124 4046 φυτεῦσαι
1140 3976 1180 4043 εἰς
1196 3978 1336 4047 μηδεμίαν
1345 3973 1466 4049 θήρειον
1482 3973 1568 4050 φύσιν

261 4072 291 4122 49
312 4058 345 4121 ἐν
362 4065 406 4135 τῆι
424 4060 534 4135 πρῶτηι
552 4059 669 4132 γενέσει,
693 4052 766 4118 ἀλλά
784 4058 835 4132 τήν
852 4060 905 4130 μὲν
922 4066 1042 4119 πλεῖστα
1065 4062 1183 4121 ἰδοῦσαν
1200 4060 1242 4128 εἰς
1258 4058 1348 4135 γονήν
1366 4057 1472 4138 ἀνδρός
1488 4084 1568 4138 γενη·

313 4143 439 4213 σομὲνου
449 4141 613 4218 φιλοσόφου
630 4139 649 4217 ᾔ
660 4140 818 4215 φιλοκάλου
835 4140 854 4215 ή
864 4150 1004 4215 μουσικοῦ
1014 4166 1094 4214 τινος
1103 4150 1153 4204 καί
1164 4145 1313 4221 ἐρωτικοῦ,
1329 4146 1381 4221 τήν
1392 4149 1422 4208 δέ
1433 4150 1568 4222 δευτέραν

313 4227 354 4295 εἰς
369 4230 512 4302 βασιλέως
528 4225 654 4300 ἐννόμου
671 4224 689 4300 ή
706 4233 864 4299 πολεμικοῦ
886 4233 935 4287 καλ
953 4224 1083 4303 ἀρχικοῦ,
1104 4234 1204 4305 τρίτην
1223 4232 1263 4299 εἰς
1282 4238 1432 4293 πολιτικοῦ
1453 4214 1482 4306 λη’
1488 4254 1569 4302 τινος

313 4314 501 4385 οἰκονομικοῦ
517 4311 536 4387 ή
549 4317 782 4387 χρηματιστικοῦ,
800 4310 940 4387 τετάρτην
957 4316 998 4383 εἰς
1009 4312 1172 4389 φιλοπόνου
1186 4312 1241 4386 <”>
1257 4322 1451 4389 γυμναστικοῦ
1466 4313 1487 4391 ἢ
1502 4323 1569 4391 περί

313 4392 448 4469 σώματος
465 4394 544 4457 ἰασίν
561 4420 624 4457 τινα
636 4396 786 4469 ἐσομένου,
803 4400 934 4474 πέμπτην
950 4400 1093 4471 μαντικόν
1108 4403 1178 4475 βίον
1194 4340 1222 4474 ά
1230 4423 1295 4460 τινα
1306 4403 1473 4462 τελεστικόν
1489 4400 1568 4472 ἐξου-

261 4498 291 4549 45
313 4496 379 4541 σαν·
399 4479 477 4554 έκτηι
495 4479 644 4557 ποιητικὸς
661 4480 680 4554 ή
696 4487 757 4541 τῶν
773 4488 840 4555 περί
852 4487 972 4557 μίμησίν
987 4505 1030 4553 τις
1047 4485 1134 4554 άλλος
1152 4481 1284 4558 ἁρμόσει,
1302 4486 1419 4562 ἐβδόμηι
1437 4492 1568 4561 δημιουρ·
