3500 5075
247 224 249 229 ’
316 251 357 311 τι
804 254 830 305 ι.
847 248 1093 307 minimis

417 423 460 476 λθ.
481 420 632 477 ‘mom
646 419 811 481 demensul
835 419 882 484 Π).
893 422 954 484 499]
978 422 1044 489 περὶ
1066 410 1093 475 δ’
1111 414 1273 489 αἰσθήσεως
1293 419 1324 478 ai
1338 418 1393 491 μὲν
1409 424 1514 477 πολλαὶ
1529 425 1580 479 καὶ

315 499 447 563 καθόλου
469 500 550 572 δόξαι
568 498 613 563 δύ’
629 504 714 563 εἰσιν·
735 503 763 562 οἰ
779 504 833 574 μὲν
849 500 907 576 γάρ
925 507 977 561 τῶι
996 497 1099 571 όμοίωι
1117 508 1259 573 ποιοῦσιν,
1276 503 1305 562 σί
1322 504 1352 563 δὲ
1368 509 1421 564 τῶι
1437 503 1579 566 ἐναντίαι.

311 596 350 678 ιΠ.
372 591 425 661 μὲν
446 594 496 648 καί
517 583 706 662 Ἐμπεδοκλῆς
727 593 778 647 καί
800 582 925 647 Πλάτων
941 592 995 645 τῶι
1014 583 1131 658 όμσίωι,
1153 589 1182 647 σί
1198 590 1229 648 δὲ
1245 581 1513 663 περίἷίναξαγόραν
1529 596 1580 649 καί

316 671 495 747 Ηράκλειτον
511 678 565 732 τῶι
582 674 725 733 ἐναντίωι.
754 678 770 729 θ
788 677 823 732 Π.
840 672 895 742 μὲν
912 671 969 746 γάρ
989 666 1064 742 όλως
1081 667 1164 733 σόδέν
1180 668 1328 747 α’φάρικεν
1339 667 1412 733 α’λλά
1423 671 1518 746 μόνον
1532 671 1579 735 ότι

317 767 394 819 δυοῖν
405 757 503 819 ὄντοιν
513 764 669 833 οτοιχείοιν
676 755 753 817 κατά
762 755 798 817 τό
806 752 990 832 όπερβάλλον
997 755 1104 833 ἐστίνῆ
1116 763 1228 832 γνῶσις.
1253 756 1306 817 ἐάν
1317 758 1374 832 γάρ
1381 754 1534 835 ὕπεραίρηι
1542 759 1577 819 τό

316 843 429 918 θερμόν
446 841 464 916 ή
481 844 517 904 τό
535 841 658 919 ψυχρόν,
676 842 763 917 ἄλλην
780 846 915 917 γίνεσθαι
929 841 980 917 τήν
992 838 1129 911 διάνοιαν,
1145 846 1252 919 βελτίω
1265 844 1355 903 dirui
1364 846 1579 919 καθαρωτέραν

316 929 369 1003 τήν
390 928 434 989 διοὶ
458 928 493 989 τό
516 926 642 1001 θερμόν·
665 924 700 989 οό
720 928 777 1002 μῆν
799 921 870 988 dm
892 932 943 987 καί
963 924 1067 1002 ταότην
1085 931 1199 988 δεῖσθαί
1215 950 1294 998 τινος
1317 932 1505 1002 συμμετρίας·
1537 926 1578 1000 ῶς

316 1015 381 1091 γάρ
400 1012 591 1083 ἑκάστοτε,
609 1017 708 1088 φησίν,
726 1007 986 1087 ἔχει-νόημ’
1003 1015 1045 1082 (fr.
1059 1019 1109 1083 16).
1136 1013 1172 1074 τό
1189 1014 1247 1088 γάρ
1264 1010 1458 1075 αἰσθάνεσθαι
1474 1019 1524 1074 καί
1540 1015 1577 1075 τό

316 1111 437 1176 φρονεῖν
458 1096 499 1168 ῶς
521 1093 610 1159 ταότό
633 1100 721 1174 λέγει·
744 1098 788 1159 διό
810 1103 859 1157 καί
883 1098 935 1172 τήν
956 1094 1068 1172 μνήμην
1089 1104 1139 1157 καί
1160 1098 1213 1169 τήν
1230 1095 1319 1173 λήθην
1337 1094 1397 1159 α’πό
1416 1096 1528 1159 τοάτων
1548 1104 1579 1171 [ε
1691 1156 1699 1169 ,

316 1186 427 1244 duobus
443 1186 594 1258 principiis]
610 1187 744 1259 γίνεσθαι
762 1183 806 1245 διά
824 1190 875 1258 τῆς
890 1180 1035 1256 κράσεως·
1054 1179 1092 1243 άν
1109 1178 1137 1243 δ’
1155 1180 1274 1256 ἰσάζωσι
1293 1191 1339 1260 τῆι
1348 1189 1431 1255 μίξει,
1448 1182 1577 1259 πότερον

317 1267 398 1329 ἐσται
420 1280 541 1345 φρονεῖν
562 1266 582 1343 ή
604 1266 652 1337 oui,
674 1275 724 1329 καί
747 1265 824 1343 τίςή
847 1264 987 1337 διάθεσις,
1010 1262 1092 1329 οὐδὲν
1113 1266 1155 1329 ἐτι
1175 1264 1313 1342 διώρικεν.
1350 1265 1394 1329 ὅτι
1412 1271 1442 1329 δὲ
1457 1276 1507 1330 καί
1524 1278 1579 1331 τῶι

316 1354 450 1415 ἐναντίοι
467 1349 542 1413 καθ’
560 1350 633 1415 αότό
651 1366 730 1414 ποιεῖ
745 1353 798 1429 τήν
815 1352 958 1427 αἴσθησιν,
975 1352 1106 1427 φανερόν
1116 1353 1149 1413 ἐν
1162 1349 1205 1422 οίς
1216 1375 1286 1428 φησι
1296 1354 1349 1414 τόν
1360 1353 1466 1427 νεκρόν
1477 1354 1578 1431 φωτός

315 1442 370 1512 μὲν
386 1445 436 1500 καί
453 1444 567 1513 θερμοῦ
581 1446 631 1499 καὶ
643 1444 741 1514 φωνῆς
753 1434 806 1499 σόκ
818 1435 1011 1498 αἰσθάνεσθαι
1023 1438 1066 1499 διά
1079 1437 1132 1513 τήν
1143 1436 1269 1514 ἔκλειψιν
1281 1445 1335 1500 τοῦ
1345 1438 1446 1513 πυρός,
1463 1448 1578 1515 ψυχροῦ

316 1528 346 1586 δὲ
367 1530 417 1584 καί
439 1529 548 1597 σιωπῆς
569 1530 618 1583 καί
639 1531 699 1584 τῶν
715 1524 857 1584 ἐναντίων
876 1520 1076 1583 αἰσθάνεσθαι.
1110 1529 1160 1583 καί
1178 1520 1253 1594 ὅλως
1270 1528 1300 1585 δὲ
1317 1532 1377 1585 πᾶν
1393 1524 1429 1584 τό
1449 1521 1485 1585 όν
1500 1522 1576 1601 ἐχειν

317 1611 380 1672 τινά
402 1616 523 1686 γνῶσιν.
553 1606 629 1669 οὕτω
650 1612 705 1682 μὲν
724 1603 777 1669 σῶν
795 1604 883 1678 αὐτός
899 1606 994 1668 ἔοικεν
1011 1603 1228 1681 ἀποτέμνεσθαι
1245 1616 1281 1685 τῆ
1297 1607 1384 1686 φάσει
1401 1610 1437 1671 τά
1456 1616 1576 1688 συμβαί-

317 1718 406 1757 νοντα
424 1700 546 1771 δυσχερῆ
562 1695 606 1757 διά
625 1695 677 1770 τήν
693 1691 847 1769 όπόληψιν.

418 1823 461 1874 47.
483 1816 558 1873 Am.
571 1817 612 1874 IV
623 1821 677 1884 θ,6
699 1816 745 1883 [Π.
758 1818 850 1883 ³97b1]
872 1818 921 1881 Π,
941 1807 1143 1885 Ἐμπεδοκλῆς,
1161 1808 1363 1887 Ἀναξαγόρας,
1386 1811 1576 1889 Δημόκριτος,

317 1896 497 1973 Ἐπίκουρος,
512 1896 692 1975 Ἡρακλείδης
708 1900 788 1973 παρά
807 1899 860 1968 τάς
878 1901 1053 1970 συμμετρίας
1068 1903 1129 1957 τῶν
1146 1894 1248 1970 πόρων
1265 1898 1318 1966 τάς
1332 1899 1408 1960 κατά
1425 1902 1516 1974 μέρος
1533 1903 1576 1960 αἰ-

317 1982 434 2059 σθήσεις
449 1989 583 2060 γίνεσθαι
600 1992 653 2045 τοῦ
671 1987 779 2045 οἰκείου
796 1990 856 2045 τῶν
873 1985 1021 2057 αἰσθητῶν
1038 1978 1162 2044 ἑκάστου
1179 1978 1295 2057 ἑκάστηι
1311 1981 1552 2058 ἐναρμόττοντος.

418 2109 460 2162 48.
482 2106 598 2174 Ιυτκίί)
610 2105 651 2163 IV
664 2110 742 2174 18,9.
756 2111 787 2161 10
813 2105 857 2173 [D.
869 2110 931 2172 404]
948 2097 1107 2176 Ἵππαρχος
1127 2095 1245 2169 άκτῑνάς
1262 2123 1347 2175 φησιν
1364 2097 1420 2176 άφ’
1437 2101 1576 2176 ἑκατέρου

317 2196 377 2251 τῶν
404 2185 566 2265 ὀφθαλμῶν
592 2184 821 2261 άπστεινομέυας
847 2199 910 2257 τοῖς
935 2189 1057 2260 πέρασιν
1083 2182 1178 2247 αὑτῶν
1205 2187 1295 2246 σίσνεί
1318 2192 1425 2261 χειρῶν
1450 2187 1577 2262 ἐπαφαῖς

317 2270 593 2347 περικαθαπτούσας
614 2285 676 2343 τοῖς
697 2274 783 2343 ἐκτός
805 2270 919 2346 σῶμασι
941 2272 994 2346 τήν
1010 2267 1160 2345 άντίληψιν
1176 2265 1272 2330 αὐτῶν
1289 2270 1365 2345 πρός
1382 2272 1417 2333 τό
1436 2268 1578 2347 ὁρατικόν

317 2356 490 2421 άναδιδόναι.
518 2355 591 2419 ἔνιοι
606 2364 656 2418 καί
667 2355 846 2434 Πυθαγόραν
863 2364 909 2433 τῆι
927 2354 1003 2431 δόξηι
1021 2352 1119 2426 ταότηι
1136 2352 1396 2431 συνεπιγράφουσιν
1414 2353 1466 2419 άτε
1483 2356 1576 2435 δήβε·

316 2444 445 2522 βαιοιτήν
467 2452 526 2505 τῶν
549 2440 730 2518 μαθημάτων
751 2449 800 2503 καί
821 2442 897 2517 πρός
919 2439 1012 2520 τοότψ
1029 2444 1209 2514 Παρμενίδην
1226 2440 1406 2515 ἐμφαίνοντα
1424 2448 1513 2503 τοῦτο
1531 2442 1575 2502 διά

317 2538 377 2591 τῶν
394 2528 570 2607 ποιημάτων.

419 2640 462 2692 49.
479 2633 734 2691 Pmnmsshet
747 2634 780 2689 fr.
794 2635 847 2690 inc.
861 2637 910 2700 σ,τ
926 2632 964 2699 [Π
974 2635 1022 2687 τοο
1035 2629 1128 2697 audi]
1147 2623 1211 2690 οὐδὲ
1227 2628 1302 2690 κατὰ
1316 2636 1351 2691 11.
1366 2635 1417 2690 και
1429 2632 1577 2691 Μέλισσον

317 2715 348 2777 ἐν
366 2717 402 2778 τό
420 2723 479 2778 πᾶν
497 2719 635 2792 λέγοντας
652 2713 725 2776 εἰναι
741 2722 789 2777 καί
808 2715 852 2776 διά
871 2714 906 2776 τό
924 2714 978 2782 τάς
995 2709 1142 2782 αἰσθήσεις
1159 2721 1271 2788 ψευδεῖς
1283 2711 1365 2774 εἰναι.
1391 2716 1573 2790 An.1v9,1

316 2805 362 2871 [D.
373 2809 432 2872 ³96,
443 2809 484 2871 12]
503 2798 688 2877 Πυθαγόρας,
705 2797 901 2873 Ἐμπεδοκλῆς,
919 2795 1096 2874 Ξενοφάνης,
1112 2804 1146 2858 Π.
1158 2805 1272 2873 ψευδεῖς
1283 2796 1356 2860 εἰναι
1367 2799 1419 2868 τάς
1431 2795 1575 2869 άσθήσεις.

266 2995 270 3006 Ι
397 2927 461 3062 ἱτι).
486 2923 697 2990 Am.1v9,14
719 2922 838 2988 [μου]
860 2924 906 2988 ιτ,
928 2913 1116 2990 Ἐμπεδοκλῆς
1138 2915 1262 2989 &netum
1284 2924 1395 2992 τροφῆς
1411 2918 1463 2992 τὴν
1480 2915 1576 2991 ὄρεξιν

318 3011 366 3073 [sc.
377 3027 396 3079 γ
409 3011 528 3073 νεσθαι1.

421 3129 463 3179 51.
482 3124 674 3191 (innomi,
687 3129 702 3180 8
714 3123 893 3194 Empedocleo
905 3163 912 3178 .
925 3163 932 3178 .
945 3162 953 3178 .
965 3123 1019 3179 tale
1031 3121 1165 3193 ριιίδάαοι
1175 3120 1327 3190 confimat.
1350 3123 1442 3192 μιτίαο
1453 3125 1576 3180 membra

317 3207 428 3280 εἰαριιίσ
453 3225 488 3263 τοι
511 3212 584 3264 δοντα
607 3208 687 3277 quasi
705 3211 858 3278 γνοσριιοΐε
874 3208 983 3279 passim
1004 3207 1079 3264 edita
1101 3207 1199 3263 δοίπδι
1215 3206 1298 3262 οοιόσα
1314 3209 1342 3261 εἰ
1360 3208 1477 3277 effecisse
1492 3209 1576 3265 τοίίδί

316 3292 435 3349 hominia
446 3293 591 3348 materiam
601 3292 661 3363 iqui
675 3292 759 3348 οίυιιιί
775 3296 803 3348 et
811 3293 903 3348 umori
913 3293 1081 3363 permixtam
1093 3333 1101 3347 .
1112 3331 1121 3347 .
1133 3332 1140 3346 .
1151 3291 1217 3347 haec
1233 3291 1327 3346 οαδαπ
1338 3293 1432 3362 opinio
1449 3293 1533 3350 etiam
1544 3295 1577 3349 ιἰι

316 3377 484 3434 Ριηιιοαι
506 3377 622 3434 Velm·
643 3377 702 3448 μα
720 3376 847 3448 pamas
865 3377 981 3449 acceptis
1002 3377 1037 3432 ου
1054 3377 1218 3448 Empedocli
1242 3375 1372 3432 amm
1388 3378 1432 3446 α).
1466 3379 1501 3436 α.
1513 3381 1575 3436 λα

316 3463 581 3534 v19,5fflmpod.)

420 3571 462 3622 5².
479 3566 580 3622 Ατττετ.
598 3565 634 3621 do
650 3570 719 3635 pm
737 3564 819 3619 mim.
836 3563 890 3618 132
908 3567 976 3619 648·
988 3569 1022 3619 25
1045 3557 1116 3622 ἔνιοι
1138 3562 1196 3635 γάρ
1219 3559 1255 3621 τό
1278 3559 1379 3637 ἔνυδρα
1402 3568 1462 3622 τῶν
1479 3569 1577 3635 πεζῶν

317 3646 485 3725 θερμότερά
498 3669 587 3722 φασιν
604 3646 685 3718 εἰναι,
702 3648 836 3721 λέγοντες
853 3645 896 3714 ῶς
906 3645 1042 3705 ἐπανισσῑ
1057 3645 1111 3720 τήν
1128 3643 1299 3720 ψυχρότητα
1315 3651 1370 3706 τοῦ
1380 3645 1476 3707 τόπου
1491 3643 1508 3722 ῆ
1526 3654 1576 3722 τῆς

318 3731 431 3807 φάσεως
448 3728 545 3792 αότῶν
561 3732 709 3810 θερμότης
729 3736 778 3791 καί
796 3727 832 3790 τά
855 3728 966 3802 ἄναιμα
988 3737 1048 3791 τῶν
1064 3731 1193 3802 ἐναίμων
1214 3735 1264 3790 καί
1280 3727 1316 3790 τά
1336 3730 1427 3804 θήλεα
1445 3738 1505 3792 τῶν
1522 3728 1575 3809 άρ·

318 3819 410 3892 ρένων
429 3813 493 3877 οῖον
510 3823 547 3877 Π.
565 3815 618 3887 τὰς
638 3827 776 3893 γυναῖκας
797 3821 857 3876 τῶν
880 3810 994 3889 άνδρῶν
1016 3817 1198 3892 θερμοτέρας
1219 3811 1295 3874 εἷναί
1317 3836 1387 3889 φησι
1407 3823 1457 3876 καὶ
1478 3814 1577 3891 ἕτεροί

317 3922 401 3972 τινες,
419 3897 459 3970 ῶς
481 3899 525 3962 διίι
550 3903 603 3978 τῆν
623 3895 791 3976 θερμότητα
814 3906 864 3960 καί
887 3898 1114 3972 πολυαιμσάσαις
1135 3902 1295 3975 γινομένων
1317 3906 1377 3960 τῶν
1397 3907 1576 3976 γυναικείων,

317 3981 506 4060 Ἐμπεδοκλῆς
524 3989 553 4045 δὲ
571 3983 751 4046 τούναντίον.

421 4111 462 4163 53.
480 4105 554 4163 An.
567 4108 593 4165 V
605 4111 658 4174 m
678 4107 723 4176 [D.
735 4110 794 4173 419]
812 4112 878 4177 post
888 4105 1083 4175 Empedoclem
1101 4109 1136 4163 Π
1148 4100 1364 4178 άντιστρόφως·
1384 4106 1420 4166 τὰ
1436 4107 1490 4176 μὲν
1501 4103 1577 4185 πρὸς

318 4199 383 4258 ταῖς
395 4187 516 4264 άρκτοις
527 4189 638 4265 ἄρρενα
650 4195 810 4266 βλαστῆσαι
826 4193 892 4258 (τοῦ
908 4187 966 4262 γάρ
977 4193 1088 4248 πυκνοῦ
1096 4191 1227 4263 μετέχειν
1239 4193 1392 4259 πλείονος),
1409 4191 1445 4250 τά
1459 4192 1489 4251 δὲ
1500 4191 1577 4266 πρός

318 4284 381 4343 ταῖς
397 4278 589 4350 μεσημβρίαις
602 4273 693 4348 θήλεα
711 4275 791 4349 παρά
810 4271 862 4347 τήν
873 4267 1043 4348 άραιότητα.
1073 4275 1117 4343 §4
1137 4274 1183 4342 [D.
1194 4280 1256 4343 420]
1272 4269 1467 4348 Ἀναξαγόρας
1483 4281 1518 4335 Π.
1537 4271 1575 4335 τά

316 4361 371 4431 μὲν
389 4359 421 4420 ἐκ
438 4365 497 4420 τῶν
509 4364 609 4430 δεξιῶν
626 4365 672 4427 [το.
685 4359 849 4431 σπέρματα]
867 4360 1106 4433 καταβάλλεσθαι
1123 4359 1164 4426 εἰς
1181 4355 1217 4418 τά
1230 4355 1305 4427 δεξιὰ
1317 4359 1391 4433 μέρη
1402 4364 1452 4433 τῆς
1462 4356 1578 4433 μήτρας
