3500 5075
332 299 373 359 52
816 300 842 351 4
859 288 1107 355 PARMENIDFS

332 462 514 572 παράπτεται
526 462 704 537 πλάσματος,
722 466 752 522 τλ
769 454 822 523 οόυ
839 463 952 536 διέφερε
965 468 1053 523 τοῦτο
1071 458 1198 523 εἰπειν
1178 487 1196 536 η
1215 456 1255 529 οὑς
1271 452 1386 534 Ὀρφεὺς
1402 449 1539 517 εἶπεν“’
1514 450 1593 515 ωεὸν

332 546 506 627 όργόφεον’·
532 552 700 607 mmmm
716 550 811 616 [immo
829 548 1028 615 Gmmmsl
1055 549 1221 616 66162
1240 548 1419 619 φυσικολῐεσ.
1438 533 1533 611 υμνοι]
1561 540 1592 599 δέ

333 635 456 705 ὁποίους
474 636 502 695 ολ
519 638 586 709 περὶ
604 635 786 707 Παρμενίδην
802 638 853 693 καλ
865 630 1058 705 Ἐμπεδοκλέα
1075 632 1214 707 ἐτλμησαν
1231 630 1380 705 [έπολησαν
1396 628 1495 696 ΒυῐεΙ,
1512 620 1587 695 τλς
1573 650 1590 696 η

332 726 386 782 τοῦ
402 716 583 788 ’Λπόλλωνος
602 716 693 791 φόσις,
711 717 789 787 τλς
771 744 788 792 η
807 724 860 779 τοῦ
878 719 948 786 Διός
965 718 1208 791 παρατιθέμενοι
1225 722 1275 775 καλ
1293 716 1322 776 ολ
1339 718 1443 774 πολλοὶ
1460 716 1520 771 τῶν
1536 704 1593 785 ’ορ-

332 808 410 879 φέως
426 806 532 866 τοῦτον
548 809 602 865 τοῦ
619 804 745 878 τρόπους
762 805 800 861 id.
817 806 832 861 I
850 810 875 873 5,
887 810 902 860 2
922 804 994 863 εἰσλν
1011 804 1042 863 δέ
1058 806 1194 873 τοιοῦτοι,
1213 793 1288 862 όταν
1303 796 1483 866 ’Λπόλλωνος
1498 788 1591 869 όμνσν

333 893 466 966 λέγοντες
473 882 555 964 ἥλιον
567 885 659 950 αὑτόν
670 880 795 950 εἶναι’
752 908 911 962 φασκωμεν
919 893 969 948 κοιλ
980 892 1047 962 περλ
1055 909 1109 948 του
1095 882 1247 961 ἢλλσυ
1212 909 1262 960 της
1269 885 1383 989 φάσεως
1391 881 1591 957 διαλεγόμεθα

331 981 382 1036 καλ
398 980 465 1050 περλ
474 969 566 1050 Ἤρας
583 965 629 1033 ότι
646 967 711 1048 άη’ρ,
728 978 778 1033 καλ
795 972 865 1043 Ζεὺς
882 971 918 1034 τό
936 972 1066 1050 θερμόν·
1084 972 1166 1032 ολ
1129 995 1189 1047 γαρ
1207 976 1336 1032 τοιοῦτοι
1352 965 1437 1041 ὑμνοι
1453 975 1590 1041 φυσιολο-

332 1065 419 1137 γικολ.
452 1065 503 1119 καλ
517 1064 645 1136 χρῶνται
667 1061 697 1119 δέ
714 1063 767 1118 τοῦι
788 1056 925 1119 τοιοῦτωι
949 1058 1063 1133 τρόπων
1081 1065 1119 1119 Π.
1136 1080 1169 1118 τε
1191 1063 1240 1117 καλ
1256 1051 1446 1129 Ἐμπεδοκλῆς
1462 1050 1592 1156 άκριβοῑς

354 1151 438 1206 Η11.
455 1144 561 1217 μὲν
525 1168 584 1220 γαρ
600 1150 650 1205 καλ
666 1139 855 1218 Ἐμπεδοκλῆς
872 1142 1048 1218 ἐξηγοῦνται,
1073 1145 1244 1206 Πλάτωνδέ
1215 1142 1293 1203 δέἐν
1310 1136 1503 1218 βραχυτάτοις
1519 1133 1591 1197 όνα·

337 1226 507 1305 μιμνὴισκει.

332 1324 336 1336 ’
438 1337 480 1389 21.
498 1333 624 1390 Smne.
641 1333 721 1407 phys.
742 1338 799 1401 144,
817 1336 850 1389 25
871 1337 922 1391 καλ
944 1329 976 1391 εἴ
990 1354 1043 1391 τωι
1064 1328 1104 1406 μη
1126 1335 1205 1390 δοκῶ
1221 1332 1368 1404 γλίσχρος,
1388 1323 1519 1401 ἦδέως”
1499 1348 1536 1386 αν
1553 1323 1590 1384 τά

334 1422 400 1521 περλ
417 1423 471 1477 τοῦ
488 1415 590 1486 ένός
572 1436 658 1486 σντος
675 1415 729 1490 έπη
746 1424 799 1478 τοῦ
818 1421 998 1493 Παρμενλδου
1018 1419 1088 1489 μηδὲ
1111 1417 1205 1475 πολλὰ
1230 1411 1303 1473 όντα
1326 1418 1422 1472 τοῖσδε
1440 1421 1503 1478 τοῖς
1518 1406 1591 1470 ὑπο·

333 1500 460 1577 μνήμασι
470 1498 694 1576 παραγράψαιμι
712 1498 757 1562 διά
775 1524 807 1562 τε
824 1498 877 1576 τὴν
889 1506 986 1561 πλστιν
1003 1506 1064 1561 τοῖν
1079 1497 1120 1561 ὑπ
1124 1496 1218 1573 ’ἐμοῦ
1229 1500 1394 1574 λεγομένοιν
1409 1502 1459 1556 καλ
1476 1497 1521 1557 διό
1540 1496 1593 1568 τὴν

334 1586 439 1649 σπάνιν
456 1592 509 1648 τοῦ
527 1590 735 1662 Παρμενιδελου
752 1586 985 1663 συγγράμματος.

437 1725 614 1782 noemma.

437 1815 479 1866 22.
498 1810 606 1879 [Ρυυεδ
633 1810 733 1867 strom.
755 1813 771 1863 5
799 1808 873 1875 [Ευιι.
893 1810 924 1864 P.
942 1808 974 1865 E.
992 1809 1007 1865 I
1023 1814 1048 1875 8,
1066 1813 1081 1863 5
1107 1809 1181 1865 Dox.
1203 1811 1262 1873 580]
1289 1809 1326 1864 11.
1352 1805 1382 1863 δέ
1409 1797 1426 1862 6
1452 1796 1592 1875 Ἐλεάτης,

335 1892 451 1968 έταλρος
464 1885 658 1966 Ξενοφάνους,
675 1884 736 1963 άμα
753 1892 807 1963 μέν
822 1896 872 1951 καὶ
890 1898 950 1950 τοῖν
960 1891 1067 1952 τοῦτου
1084 1897 1175 1962 δοξῶν
1187 1886 1401 1962 άντεποιήσατο
1418 1880 1480 1959 άμα
1496 1890 1528 1949 δέ
1543 1893 1593 1947 καλ

335 1978 388 2052 τὴν
404 1978 538 2038 ἐναντίαν
554 1977 736 2051 ἐνεγελρησεν
753 1974 862 2037 στάσιν.
898 1972 992 2038 όλδιον
1007 1980 1061 2050 μέν
1084 1977 1142 2053 γάρ
1159 1974 1194 2035 τὸ
1213 1980 1273 2034 πᾶν
1288 1979 1338 2033 καλ
1358 1968 1497 2049 α’κλνητον
1518 1969 1592 2035 άπα-

335 2066 470 2137 φαλνεται
481 2068 547 2130 [καλ]
564 2060 640 2122 κατὰ
658 2058 711 2136 τὴν
722 2066 782 2120 τιῦν
793 2056 974 2138 πραγμάτων
985 2056 1138 2137 άληδειαν·
1156 2058 1271 2121 εἶναι
1240 2082 1297 2135 γαρ
1309 2056 1382 2119 αότό
1395 2053 1547 2131 ιμοῦνον
1559 2091 1593 2101 -

335 2143 523 2223 άγένητσν’
541 2148 584 2214 [fr.
596 2154 622 2216 8,
632 2152 670 2213 41.
704 2148 816 2221 γένεσιν
833 2149 864 2207 66
882 2153 941 2207 τιῦν
958 2141 1034 2207 καθ’
1057 2145 1204 2222 ὑπόληψιν
1222 2151 1311 2221 ψευδῆ
1328 2140 1494 2204 δονοόντων
1512 2139 1592 2203 εἶναι,

334 2230 453 2303 καὶτὰς
470 2230 618 2306 αἰσθήσεις
639 2226 772 2307 ἐκβάλλει
794 2232 829 2291 ἐκ
850 2238 900 2307 τῆς
921 2228 1067 2308 όληδελας.
1102 2237 1171 2307 φησὶ
1187 2222 1260 2291 6⁰
1241 2254 1287 2290 στι
1308 2230 1378 2289 εἴτι
1400 2225 1480 2304 παρὰ
1503 2224 1538 2288 τό
1559 2226 1594 2287 όν

333 2315 466 2392 ὑπάρχει,
482 2323 570 2378 τοῦτο
594 2310 647 2378 οῦκ
672 2316 750 2377 ἔστιν
773 2315 820 2376 όν·
845 2315 881 2377 τό
904 2320 935 2377 δέ
955 2317 994 2393 μη
1019 2314 1056 2378 όν
1072 2315 1105 2376 έν
1126 2327 1189 2384 τοῖς
1212 2307 1292 2384 όλοις
1310 2310 1363 2374 υόκ
1379 2310 1465 2374 ἔστιν.
1500 2306 1594 2382 οὑτως

336 2395 441 2463 οὖντὸ
467 2398 503 2462 όν
524 2397 671 2477 άγένητον.
687 2398 853 2462 όπολελπει
878 2404 954 2477 λέγει
974 2404 1005 2463 δέ
1028 2397 1081 2477 τὴν
1101 2407 1156 2475 γῆν
1175 2405 1229 2460 τοῦ
1250 2404 1360 2459 πυκνοῦ
1380 2402 1594 2475 καταρρυέντος

335 2483 354 2548 6
356 2488 423 2564 έρος
439 2489 590 2563 γεγονέναι
609 2494 634 2558 [ε
650 2487 841 2561 Theophsasto
859 2496 891 2547 ut
906 2490 1036 2562 pleraque
1054 2504 1125 2560 quae
1142 2492 1300 2559 sequuntur]

438 2592 617 2648 261111601„
634 2591 767 2649 166111
787 2593 869 2660 [θοι.
882 2598 942 2658 564]
965 2599 1015 2651 κοιλ
1036 2593 1094 2667 γὰρ
1115 2596 1165 2649 καὶ
1183 2596 1217 2650 Π.
1235 2589 1336 2662 ὑνμέν
1358 2589 1393 2649 τό
1416 2592 1475 2647 πᾶν
1491 2583 1592 2647 ὑπυτλ
1612 2596 1623 2645 1

335 2683 419 2736 δεται
436 2669 532 2737 άλδιόν
548 2697 581 2736 τε
603 2681 652 2736 καλ
669 2671 811 2752 άγένητον
831 2683 882 2738 καλ
899 2679 1081 2753 σφαιροειδές
1104 2673 1169 2736 0666
1191 2670 1280 2776 αὑτός
1300 2671 1449 2748 ἐκφεόγων
1465 2673 1517 2776 666
1534 2677 1594 2730 τοῖν

336 2765 452 2821 πολλῶν
468 2761 556 2866 δόξαν
572 2761 674 2835 πῦρλέ
675 2783 737 2836 γων
752 2767 802 2821 καλ
818 2767 873 2836 γῆν
889 2760 941 2831 τὰς
959 2768 1013 2823 τοῦ
1025 2761 1136 2830 παντός
1148 2755 1249 2834 όρχάε
1266 2757 1319 2834 τὴν
1334 2760 1388 2830 μὲν
1399 2763 1452 2832 γῆν
1467 2753 1508 2825 ὥς
1524 2746 1594 2830 ¹66⁹

335 2843 371 2905 τό
389 2848 419 2905 66
437 2851 494 2921 πῦρ
512 2841 553 2916 οὑς
570 2843 731 2906 αἴτιονκαὶ
748 2852 862 2907 ποιοῦν.
898 2846 953 2906 τόν
969 2845 1085 2919 κόσμον
1101 2843 1354 2920 έφηφδελρεσδαι,
1371 2835 1406 2902 οὑι
1424 2845 1454 2904 δέ
1470 2839 1594 2916 τρόποι,

337 2925 390 2990 σῦκ
401 2926 532 2990 εἶπεν.ι
517 2953 534 2988 ο
548 2924 637 2999 αότός
654 2931 684 2990 δέ
701 2927 782 2990 εἶπεν
793 2926 890 2991 άλδισν
900 2928 975 2991 εἶναι
992 2933 1028 2992 τό
1046 2937 1106 2991 πᾶν
1122 2933 1174 2991 καλ
1191 2924 1225 2990 οῦ
1236 2930 1396 3003 γενόμενον
1411 2933 1461 2988 καλ
1472 2946 1593 3000 σφαιρο
1611 2937 1626 2987 2

336 3013 407 3082 ειδὺς
417 3005 497 3072 καλ”
479 3035 592 3086 ομσισν,
611 3011 664 3074 οόκ
682 3011 798 3088 έχονδὺ
809 3015 905 3077 τόπον
916 3016 948 3077 έν
960 3015 1073 3087 έαυτῶι,
1089 3021 1139 3075 καλ
1151 3010 1288 3089 άκλυητον
1304 3020 1353 3074 καλ
1363 3013 1593 3084 πεπερασμένον

438 3122 481 3173 24.
497 3119 633 3173 Αειεεαε.
645 3118 765 3188 Metaph
782 3119 1032 3177 4698641811.
1049 3116 1145 3191 μέν
1114 3141 1172 3192 γορ
1187 3113 1264 3176 ἔοικε
1282 3137 1334 3176 του
1345 3139 1419 3175 κατα
1410 3113 1492 3174 τόν
1503 3112 1594 3188 λογον

337 3199 404 3268 ἑνός
429 3191 576 3259 άπτεσδαι
601 3207 662 3260 κτλ.
688 3202 723 3259 cf
740 3220 768 3274 ρ.
781 3208 814 3259 20
832 3222 858 3259 ευ
872 3209 914 3260 30.
949 3211 1008 3259 tum
1024 3204 1071 3260 Ι’27
1095 3209 1126 3262 Π.
1147 3204 1178 3261 δέ
1199 3207 1311 3272 μᾶλλον
1332 3203 1450 3277 βλέπων
1467 3201 1595 3276 [βλέπων

338 3303 392 3344 om.
410 3289 476 3343 Eot
492 3287 587 3357 simpl.
606 3287 717 3344 6661.
736 3293 794 3356 588,
812 3293 838 3355 81
857 3285 934 3347 ἔοικέ
951 3308 1009 3347 που
1026 3291 1126 3363 λέγειν.
1161 3284 1242 3362 παρὰ
1259 3287 1317 3360 γάρ
1334 3286 1369 3344 τό
1389 3283 1426 3345 όν
1446 3283 1482 3345 τὸ
1500 3283 1539 3358 66
1557 3282 1595 3344 όν

338 3367 420 3430 οὐδέν
436 3365 524 3439 άξιῦν
541 3367 623 3441 εἶναι,
640 3365 809 3448 ἐξάνάγκης
825 3371 859 3432 ἓν
877 3371 969 3432 οἴεται
986 3369 1111 3432 εἶναι
1077 3394 1112 3433 το
1132 3369 1168 3432 όν
1184 3377 1234 3431 καλ
1246 3370 1318 3432 ἄλλο
1337 3365 1465 3430 οόδέν..
1478 3364 1593 3444 .άναγ·

336 3447 499 3527 κνιζόμενος
511 3448 538 3514 δ’
551 3450 726 3516 άκολουδεῑν
738 3468 799 3526 τοῖς
811 3459 999 3532 φαινομένοις
1008 3462 1058 3516 καλ
1070 3479 1106 3517 το
1096 3455 1157 3516 ἓν
1166 3459 1220 3529 μὲν
1229 3453 1305 3518 κατά
1319 3454 1484 3530 τὸνλόγον,
1502 3459 1594 3560 πλείω

336 3542 367 3601 δὲ
383 3537 459 3599 κατὰ
477 3541 531 3613 τὴν
553 3539 686 3615 αἴσθησιν
702 3537 932 3643 ὑπολαμβάνων
936 3539 1018 3610 εἶναι,
1040 3542 1091 3602 δόο
1109 3540 1162 3611 τὰς
1179 3544 1275 3611 αλτλας
1297 3547 1346 3601 καὶ
1364 3538 1413 3600 δόο
1432 3539 1485 3609 τὰς
1501 3536 1595 3617 άρχάς

337 3624 424 3685 πάλιν
441 3629 546 3698 τίθησι,
563 3627 678 3701 θερμόν
694 3630 743 3685 καὶ
761 3622 885 3700 ψυχρόν,
903 3621 968 3686 οἷον
991 3633 1048 3703 πῦρ
1065 3632 1115 3687 καλ
1131 3633 1185 3702 γῆν
1205 3628 1306 3702 λέγων.
1341 3619 1455 3686 τούτων
1471 3628 1502 3686 66
1519 3621 1594 3685 κατά

336 3712 390 3783 μέν
401 3706 437 3769 τό
453 3707 488 3770 όν
504 3710 539 3770 τό
559 3710 672 3786 θερμόν
683 3709 780 3771 τάττει
793 3709 922 3787 θάτερον
939 3715 969 3772 δέ
980 3714 1054 3772 κατὰ
1073 3713 1108 3772 τό
1127 3714 1166 3786 μὴ
1186 3710 1223 3772 όν
1239 3713 1284 3780 [αἱ.
1295 3713 1380 3770 Alex.
1391 3711 1448 3767 h.l.
1465 3729 1493 3783 p.
1505 3716 1548 3779 45,
1559 3716 1593 3779 21.

439 3818 482 3869 25.
500 3815 576 3869 Im
594 3814 630 3872 de
646 3814 723 3870 eaelo
741 3815 760 3868 Γ
774 3820 797 3870 1.
815 3815 927 3871 298214
950 3814 979 3872 ολ
995 3814 1049 3885 μέν
1065 3811 1123 3888 γάρ
1141 3809 1238 3873 αότοῦν
1255 3806 1332 3882 όλως
1349 3810 1466 3873 α’νεῖλσν
1482 3816 1595 3890 γένεσιν

337 3898 390 3954 καλ
406 3895 538 3999 φθοράν·
563 3891 634 3957 οῦδ
620 3899 651 3957 ν
673 3899 732 3972 γάρ
755 3897 822 3958 οὔτε
843 3902 998 3973 γλγνεσδαλ
1017 3920 1107 3972 φασιν
1134 3896 1202 3959 οότε
1219 3903 1396 3973 φδελρεσδαι
1413 3903 1473 3957 τοῖν
1492 3896 1596 3967 όντων,

338 3975 410 4040 άλλοὶ
428 3979 525 4053 μόνον
542 3978 669 4043 δοκεῖνι
655 3993 722 4056 ημῖν
741 3978 805 4042 οἷον
823 3983 851 4041 ολ
869 3988 935 4057 περὶ
949 3982 1099 4044 Μέλισσόν
1116 4006 1148 4044 τε
1164 3989 1214 4043 καλ
1230 3987 1419 4056 Παρμενίδην,
1437 3979 1488 4050 οὑς
1504 3986 1531 4042 ελ
1545 3988 1596 4041 καλ

338 4057 429 4126 τόλλα
446 4069 560 4141 λέγουσι
581 4074 686 4140 καλῶς,
709 4063 777 4128 ἄλλ’
797 4061 831 4127 06
853 4075 980 4142 φυσικῶς
1002 4091 1036 4144 γε
1058 4075 1101 4129 δεῖ
1122 4073 1240 4141 νσμλσαι
1263 4070 1369 4143 λέγειν·
1394 4064 1429 4127 τό
1447 4065 1505 4142 γάρ
1522 4065 1595 4127 εἶναι

338 4149 412 4211 άττα
430 4157 490 4211 τιῦν
502 4149 643 4225 όντωυ,’
623 4155 676 4228 αγέ
676 4176 747 4228 νητα
765 4157 814 4212 καλ
832 4143 909 4221 όλως
920 4147 1042 4227 άκλνητα
1053 4149 1166 4224 μᾶλλόν
1182 4154 1261 4214 ἐστιν
1273 4155 1374 4226 ἑτέρας
1389 4157 1439 4211 καλ
1449 4153 1598 4227 προτέρας

337 4233 357 4309 6
378 4241 428 4308 τῆς
450 4245 571 4312 φυσικῆς
595 4242 734 4313 σκέψεως.
771 4239 806 4294 de
823 4254 886 4308 gen.
904 4247 934 4296 et
950 4257 1017 4297 corr.
1036 4243 1090 4295 As
1108 4257 1136 4310 p.
1148 4245 1255 4296 82513
1278 4237 1313 4298 ἐκ
1333 4239 1387 4309 μλν
1410 4229 1462 4296 σόν
1483 4239 1598 4297 τούτων

338 4324 399 4378 τῶν
415 4319 512 4395 λόγων
529 4318 709 4399 ὑπερβάντες
726 4324 779 4396 τὴν
791 4321 925 4396 αισδησιν
940 4328 991 4383 καλ
1003 4321 1175 4397 παριδόντες
1191 4318 1282 4397 πότην
1298 4319 1338 4391 τός
1356 4326 1409 4382 τοῦι
1422 4319 1513 4396 λόγωι
1530 4323 1598 4382 δέυν

339 4397 514 4466 άκολσυδελν
530 4405 562 4467 έν
572 4413 621 4468 καλ
633 4405 773 4482 άκλνητον
790 4404 824 4469 τὸ
839 4413 900 4468 πᾶν
911 4404 986 4467 εἷναλ
974 4412 1068 4480 λφασι
1083 4405 1164 4466 καλ
1144 4429 1268 4482 απειρον
1279 4404 1364 4467 ἔνιοι
1382 4402 1488 4481 τὸγὰρ
1505 4407 1598 4478 πέρας
