3500 5075
467 308 500 363 B.
517 308 573 363 FR
588 313 654 363 1-5
671 309 797 365 xlllnl
817 309 969 367 CERTAE
986 313 1093 370 sams
1244 378 1257 415 Χ
1344 318 1405 378 185

150 492 207 531 uon
224 482 342 545 poterat.
377 484 451 533 uerte
467 476 512 533 hie
529 478 683 548 aequalium
705 495 766 535 mos
783 480 896 536 videtur
910 480 998 539 luisse
1018 490 1051 537 ut
1066 491 1181 553 apparet
1196 501 1231 541 ax
1248 486 1361 544 Heroda
1378 496 1406 544 ot

152 559 319 617 Callimacho
337 560 538 631 Hipponautam
556 562 713 619 citaufibuu.

734 722 821 784 ΗΜ]

252 800 370 856 Arm.
382 798 423 855 IV
437 799 522 855 1591)
541 793 711 859 ἀπαίδευτοί
721 799 796 870 ἐστι,
813 799 877 876 ἔφη,
895 800 1178 877 ἀνθρεςόαιτυμόνες
1194 801 1248 866 oia
1266 800 1406 883 ἀναγινώ-

152 904 271 951 οκοντες
286 887 387 958 βιβλία
406 878 424 943 ό
440 879 519 954 μόνα
537 885 663 944 παιδεύει
685 886 753 954 τούς
773 908 807 961 γε
830 885 1042 959 ἐπιθυμοῦντας
1067 894 1128 949 τῶν
1143 897 1249 951 καλῶν.
1285 893 1364 995 λέγω
1375 895 1406 954 ll

150 969 186 1029 τά
209 972 339 1041 Τίμωνος
356 989 409 1029 του
396 972 605 1053 ’Πυρρωνείου
622 976 691 1038 [τῶν
709 973 831 1039 σίλλων].
867 962 954 1041 οὗτος
967 970 1029 1074 γάρ
1039 970 1154 1033 ἐστιν’
1135 997 1169 1043 ος
1185 981 1235 1036 καί
1252 982 1305 1037 τοῦ
1320 976 1405 1053 κόγ-

150 1077 214 1129 χου
230 1052 402 1129 μνημονεύει
419 1052 456 1113 όν
473 1060 536 1114 τῶι
553 1064 575 1130 β
591 1060 661 1114 τῶν
679 1058 820 1115 Σίλλων
837 1052 981 1131 λέγων
946 1079 1039 1127 ουτως

305 1164 382 1226 οὔτε
403 1183 465 1241 μοι
485 1167 506 1249 η
531 1166 612 1250 Τεΐη
636 1159 717 1244 μαζ’
742 1160 880 1228 ἁνδάνει
902 1166 979 1229 οὔτε
1000 1172 1143 1255 καρύκκη

304 1270 323 1350 η
347 1260 485 1343 Λυόῶν,
509 1262 599 1351 λιτῆι
622 1263 658 1329 δὲ
680 1268 737 1329 καί
760 1267 901 1354 αόαλέηι
923 1272 973 1332 ἑνί
994 1273 1116 1352 κόγχαι

301 1358 463 1451 Ἑλλήνων
485 1371 504 1451 η
528 1357 614 1430 πᾶσ’
641 1369 985 1456 ἀπερισσστρόφητσς
1009 1368 1108 1449 ὀιζύς.

253 1493 402 1570 όιαφόρων
418 1491 475 1569 γὰρ
495 1491 589 1555 ούσῶν
611 1502 661 1556 καί
686 1502 745 1556 τῶν
761 1496 794 1557 ἐκ
820 1498 891 1557 Τέω
912 1505 1081 1572 μαζῶν..
1094 1506 1168 1560 .καί
1189 1507 1249 1561 τῶν
1266 1507 1407 1563 Λυόίων

150 1586 336 1654 καρυκκῶν
352 1586 503 1656 προκρίνει
520 1576 730 1655 ἀμφοτέρωνι
716 1604 732 1641 ο
754 1587 784 1641 Τ.
803 1580 857 1643 τὸν
873 1582 1019 1658 κόγχον.

254 1689 268 1740 1
291 1682 356 1755 Τεΐη
374 1682 504 1741 Οιεεωόε
522 1705 567 1757 τηι
583 1686 671 1743 codex
774 1691 789 1741 λ
809 1692 889 1759 λητηι
911 1688 942 1745 δὲ
961 1692 1011 1745 καὶ
1033 1682 1147 1761 σόαλόηι
1164 1690 1239 1746 eorl:
1261 1641 1404 1789 intullugu:

149 1786 206 1825 αοπ
224 1768 323 1825 Simila
335 1769 453 1839 όαρίόιιε
469 1786 565 1839 vercor,
584 1772 632 1826 ταί
646 1771 793 1840 pauperies
810 1788 871 1827 mea
880 1774 1042 1843 ρνσοοαοίσα
1054 1773 1214 1829 &moriatur
1231 1776 1338 1831 totuin
1354 1776 1406 1831 mi·

150 1856 217 1911 ιιίία
236 1858 263 1911 τί
278 1855 394 1911 murila
411 1854 519 1924 οοποίιις
537 1855 598 1927 λιτὴ
617 1855 737 1926 praefert
753 1856 816 1912 Wil.

735 2013 751 2064 4
780 2013 813 2063 46

255 2096 320 2147 1-3
338 2093 417 2149 Am.
430 2094 457 2149 X
474 2111 502 2165 p.
514 2093 601 2151 4451)
620 2091 654 2151 σύ
672 2094 702 2151 δὲ
719 2014 900 2152 ῶόόλόιιανὲ
917 2088 1200 2168 ἀρρυθμοπότης
1216 2094 1270 2166 μὲν
1287 2091 1315 2154 τί
1329 2094 1403 2156 κατὰ

151 2174 204 2234 τόν
222 2171 363 2235 Φλιάσιον
383 2180 512 2247 Τίμωνα·
536 2171 629 2245 οότως
645 2176 702 2251 γὰρ
719 2178 830 2245 ἐκεῖνος
848 2171 985 2249 ῶνόμασε
1006 2178 1075 2248 τούς
1091 2178 1146 2239 τόν
1162 2178 1255 2239 πολύν
1272 2185 1406 2249 σπῶντας

152 2256 233 2317 οίνον
259 2256 389 2334 ἄκρατον
416 2259 453 2320 ἐν
478 2266 539 2319 τῶι
566 2263 733 2335 ότυτέρωι
759 2268 829 2321 τῶν
855 2267 1007 2322 Σίλλων·
1030 2259 1084 2336 ‘vil
1105 2296 1136 2306 -
1157 2259 1370 2337 ἀρυσαίνας’

36 2380 40 2389 ι
150 2350 165 2400 3
184 2346 260 2401 Inmr
269 2346 296 2401 Χ
304 2363 332 2417 p.
342 2347 423 2401 424ss
439 2350 469 2404 Τ.
482 2340 509 2403 θ’
521 2346 536 2405 ἐ
542 2368 558 2404 ν
569 2347 740 2421 ότυτέρωι
752 2350 890 2406 Σίλλων
901 2342 1060 2420 ἀρυσαίνας
1067 2351 1187 2423 κέκληκε
1199 2350 1268 2417 τούς
1278 2350 1407 2419 κυάθους

150 2427 271 2533 ρόσιιιην
302 2426 422 2490 οίιτωσί·
444 2425 729 2505 (ἀπληστοίνους
760 2427 788 2491 τ’
821 2426 1033 2505 ἀρυσαίνας’
1068 2430 1128 2495 ἀπό
1158 2440 1212 2495 τοῦ
1241 2429 1406 2508 ἀρύσασθαι

152 2529 313 2584 ονομασας·

304 2610 342 2692 ql
365 2609 470 2692 βαρύν
493 2607 668 2693 βουπλῆγα
691 2611 884 2694 τομώτερον
905 2611 925 2694 ἢ
949 2614 1158 2696 Λυκόοργος,

305 2712 342 2785 ός
365 2713 408 2794 ῥα
431 2713 610 2774 Διωνύσου
634 2711 906 2796 ἀρρυθμοπότας
928 2714 1126 2789 ἐπέκοπτεν,

305 2812 340 2873 ἐκ
363 2808 400 2874 ll
423 2813 507 2897 ῥυτὰ
530 2814 716 2897 ῥίπτασκεν
740 2803 1046 2898 ἀπληστοίνους’
1014 2836 1033 2875 τ
1073 2815 1266 2898 ἀρυταίνας.

253 2931 330 3012 η”ὲί
314 2961 365 3013 ιμιε
382 2941 510 2999 Mainake
612 2935 852 3014 θάριθμσπότας
870 2943 892 3000 G
910 2944 1020 3010 (Euat).
1043 2936 1255 3017 ἀριθμοπιότας
1271 2944 1314 2999 A:
1337 2960 1404 3000 uorr

150 3025 277 3082 Musurua
346 3031 361 3080 3
380 3046 557 3098 σριτιτασκεν
569 3027 612 3091 Α;
630 3026 684 3082 fuit
702 3031 879 3098 ρρίπτασκεν
930 3023 1087 3098 ἀρυταίνας
1098 3033 1164 3084 445:
1182 3021 1329 3099 ἀρυσαίνας
1345 3033 1405 3084 424.

150 3111 186 3168 du
202 3111 293 3168 forma
309 3111 345 3167 uf.
363 3111 477 3169 Lobeuk
487 3112 561 3169 Prol.
572 3111 652 3168 Path.
669 3128 697 3182 p.
710 3116 742 3166 35
753 3128 813 3184 sqq.
862 3130 944 3184 quem
962 3115 1155 3183 antiquorem
1172 3113 1295 3184 taugerit
1311 3113 1406 3179 (Hora-

150 3196 243 3252 clitum
261 3196 296 3253 ul.
313 3195 415 3252 ium.
429 3202 487 3265 118,
503 3197 691 3269 Pythagoram
707 3199 855 3265 coniciunt)
872 3199 1016 3253 uesuimua
1051 3197 1087 3253 (la
1103 3215 1134 3254 re
1150 3198 1185 3254 ci.
1197 3197 1329 3254 Varronis
1339 3196 1406 3253 Diu-

150 3281 414 3353 noulummatulogou
435 3283 571 3352 Antipatri
594 3281 679 3338 θεοῖσί
701 3281 776 3338 filius
801 3282 849 3353 qui
876 3282 1036 3340 adversario
1059 3289 1137 3339 rutro
1165 3291 1248 3354 caput
1269 3281 1407 3353 displauat

150 3367 281 3437 (llaripp.
298 3366 331 3422 fr.
344 3372 392 3424 291
411 3366 508 3432 Rich.)

733 3489 820 3554 ιιιι]

253 3571 337 3628 Smu.
349 3571 455 3626 Erum.
474 3570 538 3626 adv.
550 3570 634 3626 math.
646 3570 687 3626 lx
699 3575 732 3626 56
742 3586 783 3641 sq
802 3565 867 3628 ό
837 3571 867 3628 ό
886 3566 1120 3670 Πρωταγόρας
1103 3575 1198 3644 ρητῶς
1215 3591 1272 3628 που
1289 3566 1407 3643 γράψας

146 3650 230 3727 ιπερὶ
248 3657 278 3714 δὲ
295 3659 374 3713 θεῶν
391 3651 458 3713 ούτε
475 3655 502 3713 εί
518 3655 589 3714 είσίν
607 3648 676 3714 οὔθ’
694 3649 795 3715 όπσῖοί
812 3654 887 3722 τινές
904 3655 958 3712 είσι
976 3650 1095 3725 δύναμαι
1112 3656 1218 3729 λέγειν·
1236 3654 1329 3714 πολλῶ
1347 3651 1406 3728 γάρ

150 3737 264 3800 ἐστιτὰ
282 3737 432 3799 κωλύοντά
450 3739 509 3811 με.
544 3733 618 3812 παρ’
635 3735 671 3814 ἣν
688 3740 782 3798 αίτιαν
794 3736 927 3798 θανατον
945 3761 1034 3798 αιτου
1021 3741 1331 3814 καταψηφισαμένων
1348 3745 1407 3796 τῶν

104 3821 111 3830 '
148 3820 308 3900 Ἀθηναίων
325 3822 473 3899 όιαωυγιόν
489 3830 538 3884 καί
555 3826 630 3884 κατά
649 3825 799 3883 θάλατταν
816 3827 941 3892 πταίσας
952 3818 1108 3884 ἀπέθανεν.
1136 3825 1275 3898 μέμνηται
1292 3825 1322 3884 δὲ
1339 3821 1406 3883 ταύ·

150 3932 200 3985 της
217 3915 267 3983 τῆς
284 3910 417 3983 ἱστορίας
440 3915 489 3968 καί
509 3915 538 3968 Τ.
558 3905 574 3968 ό
595 3908 732 3977 Φλιάσιος
755 3906 790 3966 ἐν
807 3913 868 3966 τῶι
887 3909 1056 3981 όευτέρωι
1072 3915 1140 3967 τῶν
1157 3911 1298 3968 Σίλλων
1314 3914 1406 3968 ταῦτα

152 3994 383 4070 διεξερχόμενος·

713 4071 759 4143 ὡς
780 4069 837 4130 καί
858 4072 1042 4145 μετέπειτα
1067 4076 1243 4154 σοφιστῶν

308 4160 379 4234 οὔτ’
407 4169 663 4254 ἀλιγυγλώσσωι
686 4164 759 4233 οὔτ’
786 4171 945 4232 ἀσκόπωι
967 4158 1043 4232 οὔτ’
1069 4168 1254 4232 ἀκυλίστωι

256 4305 269 4356 1
281 4301 445 4371 μετέπειτα]
455 4310 524 4373 putu
532 4299 786 4373 postxenophmis
795 4306 891 4356 uoutra
902 4301 970 4357 duos
979 4315 1101 4372 pugnam
1153 4305 1168 4356 2
1181 4292 1406 4372 ἀλιγυγλῶσσωι]

151 4393 237 4441 artem
249 4385 399 4442 admiratur
413 4394 447 4443 ut
456 4387 581 4443 Plutonis
593 4387 626 4442 lr.
639 4389 709 4452 30,2
727 4385 761 4441 σί.
780 4387 802 4439 Ω
816 4389 863 4440 15⁷
884 4382 951 4444 οότε
962 4382 1019 4458 γὰρ
1037 4378 1100 4443 ἔστ’
1112 4381 1217 4458 ἀφρων
1234 4376 1300 4443 οὔτ’
1317 4379 1404 4441 ἀσκο·

152 4489 207 4537 πσς
224 4463 289 4529 οὔτ’
308 4465 452 4544 ἀλιτήμων
