3500 5075
643 359 862 416 PRAEFATIO
1326 363 1380 416 VII

130 523 271 577 contextu
298 522 359 576 tam
386 514 465 577 clere
493 515 691 597 praescriptus
718 515 890 592 videbatur,
917 526 952 579 ut
976 516 1176 595 dispositionis
1206 516 1291 578 filum
1312 520 1383 581 satis

128 628 203 679 certo
234 638 290 699 per
321 616 461 699 pleraque
489 638 524 680 ac
550 619 723 699 gravissima
751 619 899 700 fragmina
926 620 1062 701 persequi
1089 618 1195 683 liceret.
1244 620 1313 681 talis
1339 631 1384 682 est

127 720 257 783 condicio
268 718 544 801 Empedocleorum,
559 740 635 801 quae
657 720 696 783 ad
717 721 814 785 lucem
836 721 1035 803 amplissimae
1048 721 1312 803 doxographorum
1323 743 1381 783 me-

128 824 233 885 moriae
254 823 370 904 egregie
391 821 594 904 explanantur
615 845 650 886 ac
671 823 881 905 disponuntur.

211 924 249 986 de
270 923 389 988 delectu
409 936 513 989 nostro
534 936 688 1008 poetarum
710 927 767 990 hoc
789 928 915 991 breviter
935 927 1118 990 monendum
1132 937 1186 991 est
1221 929 1383 1009 recepimus

128 1026 248 1089 Eleatae
269 1036 300 1089 et
313 1028 525 1111 Empedoclem
548 1038 699 1111 tamquam
720 1030 884 1093 medullam
904 1030 993 1093 huius
1014 1050 1146 1113 poeseos.
1188 1031 1236 1093 cui
1249 1030 1383 1093 Thaletis

126 1139 155 1190 et
173 1129 330 1193 (licostrati
352 1130 539 1213 Astrologias
560 1133 771 1214 praemisimus,
793 1134 864 1215 quia
885 1154 923 1195 ex
944 1133 989 1195 his
1012 1134 1116 1195 studiis
1138 1132 1234 1196 ionica
1254 1132 1384 1215 philoso-

127 1232 198 1310 phia
218 1242 281 1295 orta
308 1244 369 1310 est,
397 1241 533 1317 quamvis
555 1235 690 1299 Thaletis
719 1238 785 1318 ipsa
806 1237 965 1299 auotoritas
986 1235 1078 1298 dubie
1099 1236 1144 1298 sit.
1187 1244 1284 1297 cetera
1304 1235 1384 1298 illius

129 1334 237 1396 meruli
258 1338 389 1399 carmina
410 1338 494 1401 velut
515 1338 666 1401 Hesiodea
687 1348 717 1401 et
738 1338 870 1420 Orphica
892 1339 956 1400 aliis
979 1337 1067 1399 huius
1086 1337 1225 1419 Corporis
1249 1337 1384 1419 partibus
1490 1336 1494 1343 ’

126 1446 323 1501 reservantur.
365 1438 564 1521 sophistarum
584 1442 699 1522 poetica
719 1461 782 1503 non
805 1442 903 1503 minus
917 1439 1022 1522 procul
1036 1439 1128 1501 habui
1142 1458 1231 1520 quam
1247 1442 1383 1516 Socratis,

127 1538 151 1600 si
171 1538 217 1601 dis
239 1539 349 1622 placet,
378 1540 514 1606 Platonis
536 1543 703 1606 Aristotelis
725 1544 868 1625 Diogenis
897 1542 1028 1625 pericula
1055 1542 1182 1624 poetica,
1211 1563 1288 1623 quae
1309 1544 1385 1605 inter

126 1640 269 1723 elegiacos
295 1642 402 1724 lyricos
426 1645 553 1726 magicos
574 1645 778 1709 distribuenda
798 1654 888 1708 erunt
913 1655 947 1707 ut
968 1644 1121 1708 cleanthis
1142 1644 1274 1727 hymnus
1295 1654 1384 1727 atque

126 1754 221 1806 cetera
236 1745 385 1809 eiusmodi.
423 1747 600 1829 Scythinum
622 1757 720 1811 tamen
735 1758 765 1811 et
778 1749 980 1811 Menecratem
992 1747 1090 1828 recepi
1102 1747 1172 1828 quia
1186 1746 1225 1809 ad
1239 1746 1384 1809 Heracliti

129 1844 346 1928 philosophiam
373 1851 522 1931 pertinent
546 1860 582 1913 ut
602 1850 668 1915 Silli
690 1852 822 1914 Timonis
849 1851 889 1914 ad
909 1850 1118 1932 Xenophanis.
1161 1850 1283 1911 omnino
1308 1848 1385 1911 faos-

129 1948 229 2010 tissimi
256 1950 319 2012 eius
346 1972 450 2015 versus
475 1962 592 2015 tantum
621 1952 782 2016 conferunt
802 1953 841 2016 ad
862 1952 1058 2035 philosophos
1078 1961 1157 2014 recte
1177 1950 1385 2014 describendos

126 2059 157 2111 et
186 2051 408 2129 diiudicendos,
443 2064 562 2117 utnon
582 2054 691 2117 iniuria
711 2056 743 2116 in
766 2055 823 2118 hoo
844 2054 916 2117 orbe
936 2064 1137 2118 numerentur.
1180 2054 1266 2116 Timo
1287 2064 1385 2116 autem

126 2162 156 2214 et
169 2152 316 2216 Oratetem
337 2154 430 2238 paulo
452 2160 632 2239 superiorem
647 2179 747 2221 secum
765 2158 855 2220 traxit
867 2166 898 2218 et
911 2156 1094 2219 Demetrium
1104 2154 1195 2237 paulo
1209 2156 1384 2232 interiorem,

125 2276 214 2337 quem
236 2256 354 2337 quidem
375 2258 487 2340 primus
509 2260 566 2322 hoe
587 2260 652 2322 loco
673 2260 825 2325 collocavi.

211 2380 307 2421 unum
332 2370 438 2436 restet,
460 2362 539 2443 quod
569 2372 653 2444 egeat
675 2363 737 2427 sive
758 2361 956 2444 explicatione
976 2362 1039 2423 sive
1059 2360 1257 2435 excusatione,
1279 2360 1385 2423 dialec-

126 2470 183 2522 tus.
226 2462 253 2523 si
276 2462 430 2546 vulgarem
455 2464 576 2527 modum
603 2464 772 2549 probarem,
795 2486 884 2547 quem
904 2464 992 2526 etiam
1013 2462 1185 2526 Kaihelium
1205 2473 1292 2525 caute
1313 2482 1385 2525 sane

127 2573 261 2628 secutum
289 2566 388 2642 video,
416 2569 659 2650 philosophorum
688 2589 866 2644 sermonem,
894 2569 947 2650 qui
973 2567 1101 2649 elegiaco
1122 2565 1172 2630 vel
1193 2567 1276 2647 epico
1296 2587 1386 2630 versu

127 2673 260 2741 utuntur,
290 2668 328 2730 ad
351 2669 432 2732 Iadis
453 2671 553 2752 epieae
574 2691 709 2734 normam
730 2672 952 2734 recensuissem.
996 2670 1037 2732 sic
1057 2670 1227 2750 quicunque
1248 2678 1318 2730 ante
1338 2689 1386 2730 me

126 2768 371 2852 philosophorum
386 2772 490 2854 poesin
505 2773 690 2855 collegerunt
703 2773 772 2836 inde
786 2773 824 2836 ab
836 2773 970 2835 Heurico
985 2770 1139 2852 Stephano
1150 2769 1268 2832 Galliae
1281 2769 1385 2833 decore

125 2891 222 2952 usque
243 2872 282 2934 ad
304 2895 372 2936 eum
393 2874 550 2952 hominem,
572 2877 624 2958 qui
638 2875 823 2940 Germanum
844 2895 955 2939 nomen
977 2873 1057 2954 apud
1078 2880 1194 2935 exteros
1213 2874 1316 2936 infami
1330 2893 1387 2935 sua
1446 2933 1450 2940 .

125 2972 360 3055 fragmentorum
382 2977 499 3060 sylloge
519 2978 733 3054 dehonestavit,
755 3000 857 3042 omnes
879 2978 1072 3041 Homericum
1093 2977 1222 3040 colorem
1243 2979 1307 3040 sine
1321 2975 1387 3038 ulla

124 3073 312 3140 dubitatione
337 3079 510 3162 fragmentis
536 3081 734 3144 obduxerunt.
777 3102 904 3162 quorum
925 3079 1095 3160 exemplum
1115 3101 1170 3162 ego
1192 3079 1274 3161 sequi
1294 3078 1386 3141 nolui.

124 3197 196 3240 nam
234 3179 358 3244 Homeri
397 3185 528 3246 earmina
559 3186 816 3265 grammaticorum
849 3182 1125 3246 Alexandrinorum
1155 3203 1264 3245 manus
1296 3199 1387 3262 passa

125 3290 199 3342 sunt
220 3283 317 3345 varias
339 3286 468 3365 priorum
490 3287 634 3349 editiones
655 3287 891 3368 comparantium
909 3295 940 3348 et
949 3283 1188 3367 exaequautium
1231 3281 1386 3364 inquibus

126 3391 217 3444 antea
242 3384 338 3448 multo
367 3388 505 3450 maiorem
534 3388 650 3451 dialecti
677 3389 875 3452 diversitatem
902 3388 995 3450 fuisse
1022 3409 1061 3450 ex
1088 3387 1177 3451 variis
1209 3384 1386 3447 lectionibus

126 3485 330 3567 exemplorum
350 3489 436 3552 velut
455 3490 602 3554 Platonici
623 3499 653 3553 et
674 3490 833 3554 Zenodotei
854 3490 958 3554 elucet.
1002 3491 1054 3571 qui
1074 3491 1161 3571 igitur
1181 3484 1387 3550 deficientibus

126 3584 303 3670 plerumque
330 3590 563 3672 fragmentorum
590 3593 662 3674 ipsis
690 3591 815 3655 testibus
841 3592 881 3653 ad
910 3592 990 3654 hanc
1010 3611 1144 3654 normam
1165 3590 1323 3653 dialectum
1343 3607 1386 3648 re·

127 3689 247 3753 stituere
269 3701 358 3774 atque
380 3695 480 3756 omnia
501 3695 539 3756 de
561 3694 663 3756 eadem
685 3694 783 3756 fidelia
803 3693 936 3757 colorare
957 3694 1081 3768 studeat,
1102 3694 1130 3754 ei
1150 3691 1313 3756 verendum
1333 3699 1386 3763 est,

127 3811 169 3853 ne
189 3793 277 3856 simul
300 3795 456 3876 peculiaris
479 3798 640 3872 sermonis,
662 3798 819 3878 praecipue
841 3797 937 3859 Italici
958 3806 988 3858 et
1009 3795 1177 3869 Siciliensis,
1199 3805 1300 3855 tenera
1321 3813 1386 3855 ves·

126 3895 199 3976 tigie
219 3896 369 3960 oblitteret
388 3908 419 3961 et
439 3897 577 3962 obducat.
620 3901 705 3962 cuius
726 3901 842 3980 generis
862 3920 927 3962 non
948 3898 1036 3961 nulla
1056 3896 1195 3978 exempla
1213 3897 1244 3958 in
1263 3896 1386 3958 adnota-

127 3997 210 4060 tione
237 3999 304 4061 dedi
332 4010 363 4062 et
384 4002 505 4066 omnino
527 4002 607 4064 hauc
629 4003 772 4065 rationem
794 4003 826 4064 iu
847 4001 1024 4065 Parmenide
1044 4021 1109 4063 meo
1131 3999 1387 4080 (Berolini1897)

126 4121 157 4183 p.
181 4104 221 4164 at
244 4112 275 4164 st
295 4103 326 4164 in
348 4104 447 4167 Musei
468 4105 609 4168 Rhenuni
632 4105 691 4170 vol.
713 4106 791 4168 LVI
812 4126 842 4186 p.
865 4109 965 4185 eosq.
987 4102 1117 4167 defendi
1159 4103 1298 4164 nimirum
1319 4102 1387 4162 titu-

126 4201 226 4266 lorum
248 4215 398 4268 erutorum
420 4207 599 4271 carminibus
625 4229 659 4270 ac
672 4209 830 4290 praecipue
844 4207 965 4271 Solonis
981 4205 1230 4288 Bacchylidisque
1243 4203 1387 4285 exemplis

127 4307 258 4388 antiquis
284 4309 405 4390 repertis
433 4309 471 4372 de
495 4310 612 4372 dialecti
640 4310 721 4392 apud
747 4320 850 4392 poetas
871 4310 1040 4373 constantia
1060 4309 1166 4372 fortius
1187 4328 1277 4389 quam
1298 4316 1388 4369 antea

125 4408 263 4473 dubitare
276 4409 439 4476 didicimus.
484 4411 609 4475 forsitan
624 4433 700 4495 quae
714 4433 797 4475 nunc
811 4412 964 4475 arbitraria
977 4433 1043 4474 esse
1055 4412 1203 4485 videntur,
1218 4409 1288 4474 olim
1302 4429 1387 4472 secus

126 4531 160 4573 se
188 4510 297 4574 hebere
325 4512 522 4595 intellegatur.
568 4535 651 4578 nuno
679 4514 814 4596 equidem
842 4513 1005 4596 quidquam
1033 4512 1224 4597 praeiudicati
1252 4513 1283 4573 in
1307 4512 1386 4573 hanc
