3500 5075
321 186 382 247 184
869 188 894 239 9.
910 184 1027 241 Triton

317 356 457 423 Phaedon,
475 354 603 411 Euclides
621 358 672 421 (31.
685 360 726 410 10.
739 360 780 410 21.
798 357 849 420 28),
866 354 988 422 itomqne
1004 354 1171 411 Aristoteles
1188 359 1242 421 (30)
1265 362 1295 411 et
1311 356 1442 411 neoterioi
1459 354 1579 411 Ausde-

317 442 380 497 miei
398 445 459 508 (35).
487 456 583 495 verum
601 447 693 496 tamen
710 438 905 510 philosophum
922 438 1072 507 perlectum
1090 448 1119 495 et
1130 440 1259 497 omnihus
1275 440 1395 496 numeris
1412 439 1579 495 ahsolutum

317 526 452 583 neminem
469 524 575 591 horum,
598 525 647 581 sed
664 524 746 581 talem
764 524 839 590 dicit,
858 524 966 594 qualem
983 525 1043 595 ipse
1059 524 1230 596 Pyrrhonem
1247 525 1392 595 eonsporit
1407 525 1576 581 indomitum

318 620 346 668 et
363 611 521 677 infucatum,
539 610 666 666 omnihus
687 610 843 665 mortalium
860 609 938 663 vitiis
958 608 1056 664 orbum
1079 613 1141 677 (53).
1170 626 1259 688 ,ασθαι
1281 610 1430 679 alloquitur
1450 613 1506 675 (48)
1523 625 1577 665 aut

316 706 400 767 poeta
417 704 465 751 aut
481 695 540 751 eius
558 696 614 751 dux
632 695 826 766 Xenophanes.
861 694 886 749 is
903 693 976 749 onim
999 700 1031 748 ut
1051 695 1178 764 prinoeps
1199 695 1361 766 perhibetur
1376 695 1513 766 saeptione
1529 710 1573 749 rr·

317 782 407 847 tionis,
424 796 474 850 per
490 780 587 837 Oreum
607 780 754 849 soeptleum
776 778 852 835 duelt
868 786 898 834 et
913 778 1045 848 eolloquii
1061 779 1138 835 riuos
1158 781 1239 850 gerit.
1273 781 1314 836 sie
1330 780 1367 836 de
1383 795 1412 835 se
1429 780 1489 849 ipse
1507 795 1573 835 oon·

316 867 406 922 lessus
425 868 477 931 (59)
494 864 580 920 variis
596 864 826 921 volutationibus
842 865 890 920 vel
907 863 1079 920 sermonibus
1090 872 1295 933 praetereuntes
1312 866 1373 921 sive
1390 864 1572 921 advenientes

316 950 496 1021 philosophos
514 949 658 1019 oompellet
675 954 726 1015 (33.
740 954 790 1010 54).
825 949 869 1005 orii
886 948 925 1002 illi
941 949 1109 1018 respondent
1125 954 1170 1014 (3).

418 1035 514 1091 tertius
531 1033 601 1090 liber
612 1035 780 1105 Epilogus
791 1033 911 1105 Neoyiae
927 1032 1016 1089 lusum
1028 1034 1170 1103 protendit
1185 1041 1215 1090 et
1225 1033 1380 1104 aequalium
1391 1031 1572 1105 philosopho-

317 1136 376 1174 rum
394 1120 480 1173 vitam
499 1125 527 1175 et
548 1117 700 1175 doouinam
722 1120 847 1188 eosdget.
882 1126 985 1174 eertum
1007 1119 1217 1175 fundamentum
1238 1119 1310 1175 iaoet
1325 1118 1386 1173 ir.·l
1406 1118 1442 1174 do
1458 1118 1572 1188 Epictiti

317 1202 472 1273 gulositate,
490 1205 533 1259 eui
545 1203 708 1274 adiungeres
727 1208 767 1271 51,
784 1203 838 1258 nisi
849 1202 942 1273 aptius
957 1204 987 1257 in
998 1203 1098 1259 librum
1114 1204 1130 1258 I
1145 1204 1345 1260 nansiorrotur.
1373 1219 1438 1259 num
1455 1209 1486 1257 ut
1502 1202 1571 1271 Epi-

317 1288 375 1359 logi
391 1287 444 1344 luit
461 1289 520 1344 sine
536 1287 622 1344 dnbio
640 1288 854 1358 antiquissimus,
871 1288 911 1342 ita
927 1292 957 1342 in
973 1288 1027 1343 ista
1043 1288 1228 1358 sophistarum
1241 1289 1340 1359 Pugna
1356 1295 1430 1344 reete
1444 1278 1573 1352 ὕστατος

316 1376 445 1442 φυσικῶν
459 1376 509 1430 καὶ
525 1367 666 1438 κύντατος
682 1372 827 1428 inducitur.
861 1380 920 1427 tum
938 1372 1036 1429 Aristo
1055 1371 1141 1428 Chius
1157 1380 1232 1429 oeno
1250 1374 1408 1430 testimonio
1429 1375 1466 1439 (0)
1486 1372 1574 1427 tortio

316 1457 388 1514 libro
405 1457 577 1523 adscribitur,
593 1456 659 1514 inde
676 1458 758 1513 mam
775 1458 808 1511 fr.
821 1461 863 1512 40.
875 1461 918 1512 40.
929 1461 961 1511 50
979 1458 1015 1513 de
1032 1457 1173 1514 Aristonis
1199 1458 1320 1527 quodum
1337 1456 1472 1527 discipulo
1488 1456 1573 1513 etde

317 1542 474 1613 Eurylooho
492 1548 521 1597 et
537 1541 660 1609 Philone,
678 1541 831 1613 Pyrrhonis
849 1540 998 1611 discipulis

417 1627 468 1684 sed
485 1626 578 1682 omnia
595 1626 662 1683 haec
683 1642 754 1697 qnae
772 1633 883 1682 servata
898 1633 971 1693 sunt,
993 1627 1099 1683 misella
1115 1633 1181 1682 sunt
1196 1627 1314 1683 frustula
1329 1632 1442 1697 propter
1458 1626 1574 1681 nomina

236 1746 238 1751 -
315 1712 488 1781 potissimum
514 1727 531 1766 a
557 1710 737 1781 scriptoribus
763 1711 894 1767 conlecta.
928 1728 992 1768 narn
1015 1712 1186 1784 grammatid
1208 1712 1428 1769 Alexandrinum
1448 1727 1572 1767 sourrrm

315 1813 372 1852 non
389 1803 513 1866 tangunt.
548 1797 632 1865 igitur
654 1812 722 1853 eave
742 1812 778 1852 ne
800 1812 834 1851 ex
857 1796 910 1852 huo
930 1797 1063 1864 exilitate,
1086 1812 1158 1867 quae
1178 1797 1379 1868 propemodum
1400 1796 1521 1866 oamlogi
1542 1804 1573 1850 te

317 1880 553 1946 commonefaciat,
572 1880 607 1936 de
625 1889 683 1937 arte
699 1888 729 1936 ot
744 1880 839 1937 indole
856 1881 961 1937 indioes
978 1884 1069 1951 operis
1085 1882 1194 1952 integri.
1217 1884 1295 1938 ouius
1311 1882 1420 1951 sopiam
1437 1889 1467 1937 et
1482 1884 1574 1937 varie·

316 1973 400 2021 tatem
418 1982 452 2021 ex
469 1965 636 2021 tenuissimis
653 1966 780 2036 vestigiis
798 1965 924 2021 divinare
941 1967 1031 2037 magis
1048 1965 1112 2022 lieet
1129 1982 1211 2036 quam
1229 1966 1390 2023 instaurare.

418 2050 543 2105 limonio
560 2048 642 2105 Sillos
658 2050 764 2106 iteratis
780 2052 851 2106 omis
878 2050 920 2107 ed
939 2051 970 2107 C.
982 2050 1161 2108 Waehsmuth
1182 2052 1212 2105 in
1230 2050 1468 2122 Sidopropltomm
1481 2066 1574 2122 ριιιοσ.

316 2134 439 2205 reliquiis
457 2135 540 2205 {Lips
554 2137 638 2201 1885),
655 2136 732 2190 euius
750 2135 854 2191 ordinis
871 2150 1000 2191 numeros
1017 2136 1047 2190 in
1064 2136 1221 2206 parenthesi
1237 2137 1308 2192 meis
1324 2136 1446 2193 adiunxi.

511 2801 735 2867 SILLORUM
756 2801 928 2866 OERTAE
949 2801 1072 2866 SEDIS
1094 2799 1373 2867 FRAGMENTA.

907 2938 920 2987 1

417 3019 523 3074 Lannr.
535 3018 619 3074 D1ou.
632 3019 673 3074 IX
687 3023 734 3074 112
753 3018 797 3084 (cl.
815 3019 840 3073 A
855 3022 867 3072 1
887 3034 914 3088 p.
928 2938 986 3085 11111,
1000 3022 1042 3087 11)
1065 3017 1100 3077 τὸ
1118 3020 1149 3078 dl
1166 3023 1286 3092 πρῶτον
1302 3012 1394 3078 satiro}
1416 3017 1484 3084 [soil.
1501 3018 1574 3075 duo·

314 3103 368 3159 bus
384 3103 584 3174 postmiorihns
601 3103 685 3169 libris]
709 3103 834 3176 περιέχει
852 3100 1019 3176 πράγματα,
1042 3101 1115 3176 πλὴν
1133 3097 1179 3162 ότι
1200 3101 1441 3177 μονοπρόσωπός
1456 3101 1537 3160 ἐστιν
1555 3099 1573 3175 ἡ

316 3189 437 3260 ποίησις.
473 3181 559 3260 όρχῆ
578 3190 608 3248 el
624 3183 713 3248 αότιόι
730 3181 792 3262 ἥδε·

470 3298 593 3360 ἔσπετε
615 3304 672 3360 νῦν
693 3318 753 3374 μοι
777 3299 855 3358 ὅσοι
878 3294 1199 3381 πολυπράγμονές(
1202 3313 1259 3359 στι
1284 3297 1460 3381 σοφισταί.

417 3426 496 3483 sodes
512 3426 645 3498 parodiae
661 3427 748 3482 Bres
766 3421 869 3485 ἔσπετε
887 3431 938 3484 νῦν
954 3445 1006 3495 μοι
1024 3428 1150 3484 Μοῦσαι.
1185 3425 1220 3482 ef.
1239 3425 1323 3482 clem.
1341 3425 1441 3483 Strom.
1457 3426 1572 3496 ltlp.

314 3510 406 3567 329P.
425 3502 472 3569 οἱί
471 3503 596 3586 Έλληνες
612 3516 661 3570 καὶ
673 3504 756 3570 αὐτοὶ
774 3508 841 3578 τοὺς
858 3505 953 3585 περ)ι
938 3514 1039 3570 οτιοῦν
1056 3507 1362 3583 πολυπράγμονας
1378 3529 1491 3582 σοφοας
1509 3501 1572 3575 ἅμα

313 3601 363 3653 καὶ
381 3617 521 3669 σοφιστας
540 3593 721 3669 παρωνύμως
731 3592 894 3669 κεκλήκασι.
925 3600 1061 3667 σοφισταὶ
1079 3612 1175 3652 omnes
1192 3602 1258 3651 sunt
1274 3603 1382 3666 praeter
1398 3611 1483 3651 unum
1500 3595 1572 3667 Pyr·

314 3680 479 3739 rhonem
447 3703 500 3740 τον
519 3681 614 3754 σοφὸν
630 3681 796 3753 philosophi.

898 3837 985 3898 2139]

416 3918 696 3988 semmusxvp.
707 3919 793 3975 esen
804 3915 994 3986 ιιιιςόιαιις
1006 3917 1072 3983 [sen.
1081 3920 1313 3987 vulneremur]
1327 3908 1354 3972 ι’
1365 3906 1401 4019 'il
1413 3913 1573 4019 πορμός

317 3999 464 4075 όΠόριος
480 4001 638 4076 γενόμενος
660 4013 722 4070 τοῖς
742 3999 863 4075 χρόνοις
884 3997 959 4060 κατὰ
984 4004 1139 4060 Φίλιππον.
1176 3991 1263 4066 οιιτός
1283 3995 1401 4058 ἐστινι
1386 4022 1402 4059 ο
1424 4005 1475 4059 καὶ
1492 3995 1573 4075 Ἀθιμ

315 4091 408 4155 ναίοις
428 4083 679 4160 λοιδορησάμενος,
699 4093 748 4144 καὶ
773 4082 905 4157 σιόιζεται
928 4081 1018 4146 αὐτοῦ
1040 4090 1099 4143 τῶν
1121 4089 1288 4169 παρωιδιοιν
1309 4089 1409 4159 βιβλία
1430 4085 1571 4157 τέσσαρα.

314 4193 483 4246 μνημονεαει
500 4166 531 4229 0
550 4165 638 4230 αὐτοῦ
659 4176 689 4230 Τ.
708 4169 745 4230 ἐν
762 4192 823 4229 τοι
841 4169 985 4244 πρώτωι
1001 4192 1071 4230 των
1089 4174 1236 4229 Σίλλων.

416 4275 449 4330 ο1.
462 4275 579 4331 Weland
591 4275 623 4329 de
632 4274 752 4344 praecip.
760 4275 858 4344 pared.
868 4274 981 4329 Homer.
990 4273 1207 4344 ootpton'beop.
1219 4278 1251 4327 11
1262 4288 1322 4343 sqq.
1340 4271 1573 4328 BrandtPurod.

314 4359 361 4414 rel.
379 4375 406 4428 p.
420 4363 460 4414 50.
497 4358 661 4428 exemplaria
686 4359 817 4428 paradise
844 4359 898 4414 nisi
920 4360 949 4413 in
968 4361 1110 4428 prooemio
1136 4359 1180 4424 [ei.
1196 4375 1224 4429 p.
1238 4360 1297 4423 183]
1322 4365 1387 4428 apte
1411 4373 1574 4415 eadmerum
