<?xml version="1.0" encoding="UTF-8"?>
<!DOCTYPE html PUBLIC "-//W3C//DTD XHTML 1.0 Transitional//EN"
    "http://www.w3.org/TR/xhtml1/DTD/xhtml1-transitional.dtd">
<html xmlns="http://www.w3.org/1999/xhtml" xml:lang="en" lang="en">
 <head>
  <title>
</title>
<meta http-equiv="Content-Type" content="text/html;charset=utf-8" />
  <meta name='ocr-system' content='tesseract 3.04.00' />
  <meta name='ocr-capabilities' content='ocr_page ocr_carea ocr_par ocr_line ocrx_word'/>
</head>
<body>
  <div class='ocr_page' id='page_1' title='image "./poetarumphiloso00dielgoog_0196.png"; bbox 0 0 3500 5075; ppageno 0'>
   <div class='ocr_carea' id='block_1_1' title="bbox 389 304 1093 399">
    <p class='ocr_par' dir='ltr' id='par_1_1' title="bbox 389 304 1093 399">
     <span class='ocr_line' id='line_1_1' title="bbox 389 304 1093 399; baseline 0.001 -2"><span class='ocrx_word' id='word_1_1' title='bbox 389 338 449 398; x_wconf 77' lang='lat'><strong><em>178</em></strong></span> <span class='ocrx_word' id='word_1_2' title='bbox 627 304 632 316; x_wconf 77' lang='grc'><strong>’</strong></span> <span class='ocrx_word' id='word_1_3' title='bbox 937 347 962 397; x_wconf 84' lang='grc' dir='ltr'><strong><em>υ.</em></strong></span> <span class='ocrx_word' id='word_1_4' title='bbox 978 343 1093 399; x_wconf 65' lang='lat' dir='ltr'><strong><em>mon</em></strong></span> 
     </span>
    </p>
   </div>
   <div class='ocr_carea' id='block_1_2' title="bbox 329 510 1709 3863">
    <p class='ocr_par' dir='ltr' id='par_1_2' title="bbox 329 510 1709 3863">
     <span class='ocr_line' id='line_1_2' title="bbox 385 510 1625 602; baseline 0.004 -27"><span class='ocrx_word' id='word_1_5' title='bbox 385 535 459 576; x_wconf 88' lang='grc' dir='ltr'><strong><em>τινα</em></strong></span> <span class='ocrx_word' id='word_1_6' title='bbox 476 511 610 597; x_wconf 83' lang='grc' dir='ltr'><strong><em>λέγουσι</em></strong></span> <span class='ocrx_word' id='word_1_7' title='bbox 626 511 820 594; x_wconf 75' lang='grc' dir='ltr'><strong><em>δεικνύντες,</em></strong></span> <span class='ocrx_word' id='word_1_8' title='bbox 844 510 941 581; x_wconf 79' lang='grc' dir='ltr'><strong><em>ὁποῖ’</em></strong></span> <span class='ocrx_word' id='word_1_9' title='bbox 958 520 1043 580; x_wconf 88' lang='grc' dir='ltr'><strong><em>άττα</em></strong></span> <span class='ocrx_word' id='word_1_10' title='bbox 1066 517 1118 602; x_wconf 89' lang='grc' dir='ltr'><strong><em>είη</em></strong></span> <span class='ocrx_word' id='word_1_11' title='bbox 1142 518 1183 578; x_wconf 86' lang='grc' dir='ltr'><strong><em>τά</em></strong></span> <span class='ocrx_word' id='word_1_12' title='bbox 1200 520 1389 602; x_wconf 77' lang='grc' dir='ltr'><strong><em>φαινόμενα</em></strong></span> <span class='ocrx_word' id='word_1_13' title='bbox 1409 518 1467 580; x_wconf 86' lang='grc' dir='ltr'><strong><em>καί</em></strong></span> <span class='ocrx_word' id='word_1_14' title='bbox 1488 519 1528 580; x_wconf 86' lang='grc' dir='ltr'><strong><em>τά</em></strong></span> <span class='ocrx_word' id='word_1_15' title='bbox 1550 511 1625 580; x_wconf 74' lang='grc' dir='ltr'><strong><em>καθ’</em></strong></span> 
     </span>
     <span class='ocr_line' id='line_1_3' title="bbox 385 613 1628 704; baseline 0.002 -26"><span class='ocrx_word' id='word_1_16' title='bbox 385 619 524 678; x_wconf 79' lang='grc' dir='ltr'><strong><em>ἕκαστα·</em></strong></span> <span class='ocrx_word' id='word_1_17' title='bbox 548 621 586 680; x_wconf 86' lang='grc' dir='ltr'><strong><em>τὸ</em></strong></span> <span class='ocrx_word' id='word_1_18' title='bbox 611 613 646 680; x_wconf 84' lang='grc' dir='ltr'><strong><em>δέ</em></strong></span> <span class='ocrx_word' id='word_1_19' title='bbox 670 627 803 682; x_wconf 81' lang='grc' dir='ltr'><strong><em>τοιοῦτο</em></strong></span> <span class='ocrx_word' id='word_1_20' title='bbox 827 621 902 682; x_wconf 86' lang='grc' dir='ltr'><strong><em>ἐστι</em></strong></span> <span class='ocrx_word' id='word_1_21' title='bbox 924 621 981 682; x_wconf 86' lang='grc' dir='ltr'><strong><em>καί</em></strong></span> <span class='ocrx_word' id='word_1_22' title='bbox 1004 618 1135 702; x_wconf 62' lang='grc' dir='ltr'><strong><em>λέγεται</em></strong></span> <span class='ocrx_word' id='word_1_23' title='bbox 1157 622 1286 694; x_wconf 79' lang='grc' dir='ltr'><strong><em>πίστις.</em></strong></span> <span class='ocrx_word' id='word_1_24' title='bbox 1325 621 1356 680; x_wconf 89' lang='grc' dir='ltr'><strong><em>εί</em></strong></span> <span class='ocrx_word' id='word_1_25' title='bbox 1377 621 1438 698; x_wconf 90' lang='grc' dir='ltr'><strong><em>μέν</em></strong></span> <span class='ocrx_word' id='word_1_26' title='bbox 1461 619 1518 682; x_wconf 86' lang='grc' dir='ltr'><strong><em>οδν</em></strong></span> <span class='ocrx_word' id='word_1_27' title='bbox 1540 623 1628 704; x_wconf 72' lang='grc' dir='ltr'><strong><em>αύτηι</em></strong></span> 
     </span>
     <span class='ocr_line' id='line_1_4' title="bbox 387 714 1626 806; baseline 0.002 -26"><span class='ocrx_word' id='word_1_28' title='bbox 387 721 699 800; x_wconf 74' lang='grc' dir='ltr'><strong><em>συγκατατίθενται,</em></strong></span> <span class='ocrx_word' id='word_1_29' title='bbox 723 717 823 806; x_wconf 82' lang='grc' dir='ltr'><strong><em>δῆλον</em></strong></span> <span class='ocrx_word' id='word_1_30' title='bbox 840 724 894 784; x_wconf 87' lang='grc' dir='ltr'><strong><em>ὅτι</em></strong></span> <span class='ocrx_word' id='word_1_31' title='bbox 917 716 1131 799; x_wconf 86' lang='grc' dir='ltr'><strong><em>δοξάζουσιν·</em></strong></span> <span class='ocrx_word' id='word_1_32' title='bbox 1155 724 1187 784; x_wconf 88' lang='grc' dir='ltr'><strong><em>εί</em></strong></span> <span class='ocrx_word' id='word_1_33' title='bbox 1202 717 1238 784; x_wconf 84' lang='grc' dir='ltr'><strong><em>δ’</em></strong></span> <span class='ocrx_word' id='word_1_34' title='bbox 1254 723 1293 785; x_wconf 90' lang='grc' dir='ltr'><strong><em>ού</em></strong></span> <span class='ocrx_word' id='word_1_35' title='bbox 1309 724 1539 798; x_wconf 84' lang='grc' dir='ltr'><strong><em>πιστεύουσιν,</em></strong></span> <span class='ocrx_word' id='word_1_36' title='bbox 1561 714 1626 784; x_wconf 78' lang='grc' dir='ltr'><strong><em>οὐδ’</em></strong></span> 
     </span>
     <span class='ocr_line' id='line_1_5' title="bbox 384 821 1666 908; baseline 0.002 -27"><span class='ocrx_word' id='word_1_37' title='bbox 384 821 425 882; x_wconf 81' lang='grc' dir='ltr'><strong><em>ἂν</em></strong></span> <span class='ocrx_word' id='word_1_38' title='bbox 447 824 544 904; x_wconf 74' lang='grc' dir='ltr'><strong><em>ἡμεῖς</em></strong></span> <span class='ocrx_word' id='word_1_39' title='bbox 570 827 749 906; x_wconf 83' lang='grc' dir='ltr'><strong><em>προσέχειν</em></strong></span> <span class='ocrx_word' id='word_1_40' title='bbox 778 825 896 898; x_wconf 85' lang='grc' dir='ltr'><strong><em>αὐτοῖς</em></strong></span> <span class='ocrx_word' id='word_1_41' title='bbox 922 822 1182 908; x_wconf 76' lang='grc' dir='ltr'><strong><em>βουληθείημεν.</em></strong></span> <span class='ocrx_word' id='word_1_42' title='bbox 1271 825 1348 903; x_wconf 86' lang='grc' dir='ltr'><strong><em>ὅγε</em></strong></span> <span class='ocrx_word' id='word_1_43' title='bbox 1368 825 1434 908; x_wconf 80' lang='grc' dir='ltr'><strong><em>μην</em></strong></span> <span class='ocrx_word' id='word_1_44' title='bbox 1459 824 1574 900; x_wconf 91' lang='grc' dir='ltr'><strong><em>Τίμων</em></strong></span> <span class='ocrx_word' id='word_1_45' title='bbox 1593 825 1666 884; x_wconf 80' lang='grc' dir='ltr'><strong><em>ἐν14</em></strong></span> 
     </span>
     <span class='ocr_line' id='line_1_6' title="bbox 347 917 1629 1011; baseline 0.005 -29"><span class='ocrx_word' id='word_1_46' title='bbox 347 931 362 982; x_wconf 78' lang='lat'><strong>5</strong></span> <span class='ocrx_word' id='word_1_47' title='bbox 384 930 461 985; x_wconf 79' lang='grc' dir='ltr'><strong><em>τῶι</em></strong></span> <span class='ocrx_word' id='word_1_48' title='bbox 481 925 660 986; x_wconf 90' lang='grc' dir='ltr'><strong><em>Πύθωνι</em></strong></span> <span class='ocrx_word' id='word_1_49' title='bbox 685 917 732 1008; x_wconf 80' lang='lat' dir='ltr'><strong>[fr.</strong></span> <span class='ocrx_word' id='word_1_50' title='bbox 748 918 800 1008; x_wconf 75' lang='lat'><strong><em>77]</em></strong></span> <span class='ocrx_word' id='word_1_51' title='bbox 818 921 986 1009; x_wconf 89' lang='grc' dir='ltr'><strong><em>διηγεῖται</em></strong></span> <span class='ocrx_word' id='word_1_52' title='bbox 1005 929 1134 1011; x_wconf 87' lang='grc' dir='ltr'><strong><em>μακρόν</em></strong></span> <span class='ocrx_word' id='word_1_53' title='bbox 1157 945 1232 987; x_wconf 89' lang='grc' dir='ltr'><strong><em>τινα</em></strong></span> <span class='ocrx_word' id='word_1_54' title='bbox 1246 925 1446 1000; x_wconf 83' lang='grc' dir='ltr'><strong><em>κατατείνας</em></strong></span> <span class='ocrx_word' id='word_1_55' title='bbox 1461 923 1569 1006; x_wconf 84' lang='grc' dir='ltr'><strong><em>λόγον,</em></strong></span> <span class='ocrx_word' id='word_1_56' title='bbox 1590 927 1629 1000; x_wconf 81' lang='grc' dir='ltr'><strong><em>ὡς</em></strong></span> 
     </span>
     <span class='ocr_line' id='line_1_7' title="bbox 384 1022 1632 1112; baseline 0.002 -27"><span class='ocrx_word' id='word_1_57' title='bbox 384 1025 516 1102; x_wconf 79' lang='grc' dir='ltr'><strong><em>ἐντύχοι</em></strong></span> <span class='ocrx_word' id='word_1_58' title='bbox 543 1031 607 1087; x_wconf 85' lang='grc' dir='ltr'><strong><em>τῶι</em></strong></span> <span class='ocrx_word' id='word_1_59' title='bbox 627 1028 790 1112; x_wconf 83' lang='grc' dir='ltr'><strong><em>Πύρρωνι</em></strong></span> <span class='ocrx_word' id='word_1_60' title='bbox 815 1023 989 1110; x_wconf 89' lang='grc' dir='ltr'><strong><em>βαδίζοντι</em></strong></span> <span class='ocrx_word' id='word_1_61' title='bbox 1016 1022 1176 1090; x_wconf 75' lang='grc' dir='ltr'><strong><em>Πυθοῖδε</em></strong></span> <span class='ocrx_word' id='word_1_62' title='bbox 1203 1027 1298 1110; x_wconf 86' lang='grc' dir='ltr'><strong><em>παρά</em></strong></span> <span class='ocrx_word' id='word_1_63' title='bbox 1328 1029 1367 1088; x_wconf 88' lang='grc' dir='ltr'><strong><em>τό</em></strong></span> <span class='ocrx_word' id='word_1_64' title='bbox 1397 1027 1489 1112; x_wconf 86' lang='grc' dir='ltr'><strong><em>ίερύν</em></strong></span> <span class='ocrx_word' id='word_1_65' title='bbox 1517 1030 1632 1089; x_wconf 77' lang='grc' dir='ltr'><strong><em>τὸτοῦ</em></strong></span> 
     </span>
     <span class='ocr_line' id='line_1_8' title="bbox 381 1117 1630 1214; baseline 0.003 -28"><span class='ocrx_word' id='word_1_66' title='bbox 381 1121 596 1212; x_wconf 81' lang='grc' dir='ltr'><strong><em>Ἀμφιαράου</em></strong></span> <span class='ocrx_word' id='word_1_67' title='bbox 618 1129 676 1191; x_wconf 81' lang='grc' dir='ltr'><strong><em>καί</em></strong></span> <span class='ocrx_word' id='word_1_68' title='bbox 697 1131 772 1192; x_wconf 88' lang='grc' dir='ltr'><strong><em>τίνα</em></strong></span> <span class='ocrx_word' id='word_1_69' title='bbox 796 1125 1009 1209; x_wconf 85' lang='grc' dir='ltr'><strong><em>διαλιχθεῖεν</em></strong></span> <span class='ocrx_word' id='word_1_70' title='bbox 1035 1125 1205 1214; x_wconf 80' lang='grc' dir='ltr'><strong><em>ἀλλήλοις.</em></strong></span> <span class='ocrx_word' id='word_1_71' title='bbox 1249 1117 1305 1211; x_wconf 76' lang='grc' dir='ltr'><strong><em>ἄρ’</em></strong></span> <span class='ocrx_word' id='word_1_72' title='bbox 1332 1127 1391 1190; x_wconf 88' lang='grc' dir='ltr'><strong><em>οδν</em></strong></span> <span class='ocrx_word' id='word_1_73' title='bbox 1412 1130 1472 1190; x_wconf 85' lang='grc' dir='ltr'><strong><em>οόκ</em></strong></span> <span class='ocrx_word' id='word_1_74' title='bbox 1493 1125 1630 1210; x_wconf 76' lang='grc' dir='ltr'><strong><em>εὐλόγως</em></strong></span> 
     </span>
     <span class='ocr_line' id='line_1_9' title="bbox 384 1221 1629 1316; baseline 0.002 -27"><span class='ocrx_word' id='word_1_75' title='bbox 384 1229 425 1290; x_wconf 84' lang='grc' dir='ltr'><strong><em>ἅν</em></strong></span> <span class='ocrx_word' id='word_1_76' title='bbox 447 1248 500 1303; x_wconf 89' lang='grc' dir='ltr'><strong><em>τις</em></strong></span> <span class='ocrx_word' id='word_1_77' title='bbox 522 1231 627 1292; x_wconf 84' lang='grc' dir='ltr'><strong><em>αύτῶι</em></strong></span> <span class='ocrx_word' id='word_1_78' title='bbox 650 1238 755 1293; x_wconf 78' lang='grc' dir='ltr'><strong><em>ταῦτα</em></strong></span> <span class='ocrx_word' id='word_1_79' title='bbox 780 1234 1009 1316; x_wconf 80' lang='grc' dir='ltr'><strong><em>συγγράφοντι</em></strong></span> <span class='ocrx_word' id='word_1_80' title='bbox 1027 1231 1209 1315; x_wconf 86' lang='grc' dir='ltr'><strong><em>παραστάς</em></strong></span> <span class='ocrx_word' id='word_1_81' title='bbox 1230 1229 1342 1292; x_wconf 80' lang='grc' dir='ltr'><strong><em>εἴποι·</em></strong></span> <span class='ocrx_word' id='word_1_82' title='bbox 1361 1221 1425 1306; x_wconf 66' lang='grc' dir='ltr'><strong><em>“τί,</em></strong></span> <span class='ocrx_word' id='word_1_83' title='bbox 1449 1229 1477 1292; x_wconf 84' lang='grc' dir='ltr'><strong>ὦ</strong></span> <span class='ocrx_word' id='word_1_84' title='bbox 1499 1235 1629 1314; x_wconf 80' lang='grc' dir='ltr'><strong><em>πονηρέ,</em></strong></span> 
     </span>
     <span class='ocr_line' id='line_1_10' title="bbox 384 1324 1628 1418; baseline 0.002 -26"><span class='ocrx_word' id='word_1_85' title='bbox 384 1326 530 1410; x_wconf 78' lang='grc' dir='ltr'><strong><em>ἐνοχλεῖς</em></strong></span> <span class='ocrx_word' id='word_1_86' title='bbox 547 1339 692 1394; x_wconf 82' lang='grc' dir='ltr'><strong><em>σεαυτῶι</em></strong></span> <span class='ocrx_word' id='word_1_87' title='bbox 714 1339 819 1394; x_wconf 82' lang='grc' dir='ltr'><strong><em>ταῦτα</em></strong></span> <span class='ocrx_word' id='word_1_88' title='bbox 844 1334 1046 1418; x_wconf 89' lang='grc' dir='ltr'><strong><em>συγγράφων</em></strong></span> <span class='ocrx_word' id='word_1_89' title='bbox 1066 1332 1125 1393; x_wconf 87' lang='grc' dir='ltr'><strong><em>καί</em></strong></span> <span class='ocrx_word' id='word_1_90' title='bbox 1147 1333 1169 1392; x_wconf 85' lang='grc' dir='ltr'><strong><em>ά</em></strong></span> <span class='ocrx_word' id='word_1_91' title='bbox 1191 1334 1236 1417; x_wconf 77' lang='grc' dir='ltr'><strong><em>με)</em></strong></span> <span class='ocrx_word' id='word_1_92' title='bbox 1260 1330 1368 1394; x_wconf 84' lang='grc' dir='ltr'><strong><em>οἶσθα</em></strong></span> <span class='ocrx_word' id='word_1_93' title='bbox 1388 1324 1628 1416; x_wconf 80' lang='grc' dir='ltr'><strong><em>διηγούμενος;’</em></strong></span> 
     </span>
     <span class='ocr_line' id='line_1_11' title="bbox 333 1430 1631 1520; baseline 0.002 -28"><span class='ocrx_word' id='word_1_94' title='bbox 333 1440 362 1491; x_wconf 86' lang='lat'><strong><em>10</em></strong></span> <span class='ocrx_word' id='word_1_95' title='bbox 384 1435 419 1494; x_wconf 88' lang='grc' dir='ltr'><strong><em>τί</em></strong></span> <span class='ocrx_word' id='word_1_96' title='bbox 440 1434 501 1519; x_wconf 89' lang='grc' dir='ltr'><strong><em>γάρ</em></strong></span> <span class='ocrx_word' id='word_1_97' title='bbox 524 1430 653 1512; x_wconf 81' lang='grc' dir='ltr'><strong><em>μᾶλλον</em></strong></span> <span class='ocrx_word' id='word_1_98' title='bbox 676 1437 824 1515; x_wconf 77' lang='grc' dir='ltr'><strong><em>ἐνέτυχες</em></strong></span> <span class='ocrx_word' id='word_1_99' title='bbox 846 1437 865 1520; x_wconf 78' lang='grc' dir='ltr'><em>ἢ</em></span> <span class='ocrx_word' id='word_1_100' title='bbox 891 1437 948 1498; x_wconf 86' lang='grc' dir='ltr'><strong><em>ούκ</em></strong></span> <span class='ocrx_word' id='word_1_101' title='bbox 971 1438 1120 1512; x_wconf 79' lang='grc' dir='ltr'><strong><em>ἐνέτυχες</em></strong></span> <span class='ocrx_word' id='word_1_102' title='bbox 1135 1435 1251 1510; x_wconf 86' lang='grc' dir='ltr'><strong><em>αότῶι,</em></strong></span> <span class='ocrx_word' id='word_1_103' title='bbox 1274 1435 1332 1496; x_wconf 86' lang='grc' dir='ltr'><strong><em>καί</em></strong></span> <span class='ocrx_word' id='word_1_104' title='bbox 1354 1430 1535 1519; x_wconf 81' lang='grc' dir='ltr'><strong><em>διελίχθης</em></strong></span> <span class='ocrx_word' id='word_1_105' title='bbox 1555 1436 1576 1519; x_wconf 75' lang='grc' dir='ltr'><em>ἢ</em></span> <span class='ocrx_word' id='word_1_106' title='bbox 1598 1437 1631 1496; x_wconf 84' lang='grc' dir='ltr'><strong><em>οὐ</em></strong></span> 
     </span>
     <span class='ocr_line' id='line_1_12' title="bbox 384 1531 1668 1622; baseline -0.002 -25"><span class='ocrx_word' id='word_1_107' title='bbox 384 1531 581 1621; x_wconf 72' lang='grc' dir='ltr'><strong><em>διελέχθηςς</em></strong></span> <span class='ocrx_word' id='word_1_108' title='bbox 667 1538 768 1612; x_wconf 90' lang='grc' dir='ltr'><strong><em>αύτός</em></strong></span> <span class='ocrx_word' id='word_1_109' title='bbox 787 1557 824 1600; x_wconf 89' lang='grc' dir='ltr'><strong><em>τε</em></strong></span> <span class='ocrx_word' id='word_1_110' title='bbox 839 1539 965 1613; x_wconf 91' lang='grc' dir='ltr'><strong><em>ἐκεῖνος</em></strong></span> <span class='ocrx_word' id='word_1_111' title='bbox 988 1537 1225 1614; x_wconf 88' lang='grc' dir='ltr'><strong><em>όθαυμαστός</em></strong></span> <span class='ocrx_word' id='word_1_112' title='bbox 1239 1537 1387 1621; x_wconf 89' lang='grc' dir='ltr'><strong><em>Πύρρων</em></strong></span> <span class='ocrx_word' id='word_1_113' title='bbox 1408 1535 1474 1622; x_wconf 80' lang='grc' dir='ltr'><strong><em>ἅρμ’</em></strong></span> <span class='ocrx_word' id='word_1_114' title='bbox 1496 1557 1535 1618; x_wconf 92' lang='grc' dir='ltr'><strong><em>γε</em></strong></span> <span class='ocrx_word' id='word_1_115' title='bbox 1549 1533 1632 1621; x_wconf 75' lang='grc' dir='ltr'><strong><em>ηιδει</em></strong></span> <span class='ocrx_word' id='word_1_116' title='bbox 1640 1538 1668 1596; x_wconf 87' lang='grc'><strong><em>15</em></strong></span> 
     </span>
     <span class='ocr_line' id='line_1_13' title="bbox 383 1632 1632 1723; baseline 0.002 -25"><span class='ocrx_word' id='word_1_117' title='bbox 383 1638 469 1713; x_wconf 92' lang='grc' dir='ltr'><strong><em>τότε,</em></strong></span> <span class='ocrx_word' id='word_1_118' title='bbox 494 1632 585 1699; x_wconf 85' lang='grc' dir='ltr'><strong><em>διότι</em></strong></span> <span class='ocrx_word' id='word_1_119' title='bbox 606 1632 742 1719; x_wconf 82' lang='grc' dir='ltr'><strong><em>βαδίζοι</em></strong></span> <span class='ocrx_word' id='word_1_120' title='bbox 763 1639 886 1701; x_wconf 92' lang='grc' dir='ltr'><strong><em>Πύθια</em></strong></span> <span class='ocrx_word' id='word_1_121' title='bbox 909 1640 1133 1716; x_wconf 71' lang='grc' dir='ltr'><strong><em>θεασόμενος,</em></strong></span> <span class='ocrx_word' id='word_1_122' title='bbox 1161 1638 1181 1722; x_wconf 76' lang='grc' dir='ltr'><em>ἢ</em></span> <span class='ocrx_word' id='word_1_123' title='bbox 1204 1640 1366 1723; x_wconf 91' lang='grc' dir='ltr'><strong><em>καθάπερ</em></strong></span> <span class='ocrx_word' id='word_1_124' title='bbox 1396 1640 1431 1700; x_wconf 83' lang='lat' dir='ltr'><strong><em>ol</em></strong></span> <span class='ocrx_word' id='word_1_125' title='bbox 1451 1641 1632 1723; x_wconf 83' lang='grc' dir='ltr'><strong><em>μεμηνότες</em></strong></span> 
     </span>
     <span class='ocr_line' id='line_1_14' title="bbox 383 1730 1632 1826; baseline 0.002 -26"><span class='ocrx_word' id='word_1_126' title='bbox 383 1735 554 1801; x_wconf 79' lang='grc' dir='ltr'><strong><em>ἐπλανᾶτο</em></strong></span> <span class='ocrx_word' id='word_1_127' title='bbox 569 1741 654 1802; x_wconf 82' lang='grc' dir='ltr'><strong><em>κατὰ</em></strong></span> <span class='ocrx_word' id='word_1_128' title='bbox 677 1743 737 1826; x_wconf 78' lang='grc' dir='ltr'><strong><em>την</em></strong></span> <span class='ocrx_word' id='word_1_129' title='bbox 759 1736 855 1817; x_wconf 86' lang='grc' dir='ltr'><strong><em>όδόν;</em></strong></span> <span class='ocrx_word' id='word_1_130' title='bbox 876 1743 973 1826; x_wconf 74' lang='grc' dir='ltr'><strong><em>ἡνίκα</em></strong></span> <span class='ocrx_word' id='word_1_131' title='bbox 997 1730 1029 1803; x_wconf 81' lang='grc' dir='ltr'><strong><em>δ’</em></strong></span> <span class='ocrx_word' id='word_1_132' title='bbox 1048 1737 1175 1826; x_wconf 73' lang='grc' dir='ltr'><strong><em>ἤρξατο</em></strong></span> <span class='ocrx_word' id='word_1_133' title='bbox 1197 1745 1395 1825; x_wconf 87' lang='grc' dir='ltr'><strong><em>κατηγορεῖν</em></strong></span> <span class='ocrx_word' id='word_1_134' title='bbox 1417 1747 1485 1802; x_wconf 82' lang='grc' dir='ltr'><strong><em>τῶν</em></strong></span> <span class='ocrx_word' id='word_1_135' title='bbox 1500 1741 1632 1825; x_wconf 81' lang='grc' dir='ltr'><strong><em>ἀνθρώ·</em></strong></span> 
     </span>
     <span class='ocr_line' id='line_1_15' title="bbox 383 1838 1631 1928; baseline 0 -26"><span class='ocrx_word' id='word_1_136' title='bbox 383 1861 459 1903; x_wconf 91' lang='grc' dir='ltr'><strong><em>πων</em></strong></span> <span class='ocrx_word' id='word_1_137' title='bbox 480 1842 536 1903; x_wconf 88' lang='grc' dir='ltr'><strong><em>καί</em></strong></span> <span class='ocrx_word' id='word_1_138' title='bbox 559 1849 618 1926; x_wconf 80' lang='grc' dir='ltr'><strong><em>τῆς</em></strong></span> <span class='ocrx_word' id='word_1_139' title='bbox 640 1842 760 1918; x_wconf 86' lang='grc' dir='ltr'><strong><em>ἀνοίας</em></strong></span> <span class='ocrx_word' id='word_1_140' title='bbox 782 1844 902 1920; x_wconf 81' lang='grc' dir='ltr'><strong><em>αὐτῶν,</em></strong></span> <span class='ocrx_word' id='word_1_141' title='bbox 927 1850 1043 1928; x_wconf 82' lang='grc' dir='ltr'><strong><em>φῶμεν</em></strong></span> <span class='ocrx_word' id='word_1_142' title='bbox 1066 1844 1168 1905; x_wconf 85' lang='grc' dir='ltr'><strong><em>αὐτόν</em></strong></span> <span class='ocrx_word' id='word_1_143' title='bbox 1191 1839 1304 1927; x_wconf 74' lang='grc' dir='ltr'><strong><em>ἀληθῆ</em></strong></span> <span class='ocrx_word' id='word_1_144' title='bbox 1329 1838 1436 1922; x_wconf 81' lang='grc' dir='ltr'><strong><em>λέγειν</em></strong></span> <span class='ocrx_word' id='word_1_145' title='bbox 1456 1842 1476 1926; x_wconf 77' lang='grc' dir='ltr'><em>ἢ</em></span> <span class='ocrx_word' id='word_1_146' title='bbox 1498 1843 1558 1927; x_wconf 80' lang='grc' dir='ltr'><strong><em>μη,</em></strong></span> <span class='ocrx_word' id='word_1_147' title='bbox 1580 1843 1631 1903; x_wconf 87' lang='grc' dir='ltr'><strong><em>καί</em></strong></span> 
     </span>
     <span class='ocr_line' id='line_1_16' title="bbox 331 1941 1631 2030; baseline 0.005 -31"><span class='ocrx_word' id='word_1_148' title='bbox 331 1949 360 2000; x_wconf 78' lang='grc'><strong><em>15</em></strong></span> <span class='ocrx_word' id='word_1_149' title='bbox 382 1944 439 2005; x_wconf 87' lang='grc' dir='ltr'><strong><em>τόν</em></strong></span> <span class='ocrx_word' id='word_1_150' title='bbox 458 1944 596 2020; x_wconf 88' lang='grc' dir='ltr'><strong><em>Τίμωνα</em></strong></span> <span class='ocrx_word' id='word_1_151' title='bbox 612 1945 743 2008; x_wconf 88' lang='grc' dir='ltr'><strong><em>παθεῖν</em></strong></span> <span class='ocrx_word' id='word_1_152' title='bbox 766 1966 800 2008; x_wconf 91' lang='grc' dir='ltr'><strong><em>τι</em></strong></span> <span class='ocrx_word' id='word_1_153' title='bbox 813 1945 870 2007; x_wconf 87' lang='grc' dir='ltr'><strong><em>καί</em></strong></span> <span class='ocrx_word' id='word_1_154' title='bbox 888 1947 1170 2026; x_wconf 87' lang='grc' dir='ltr'><strong><em>συγκαταθέσθαι</em></strong></span> <span class='ocrx_word' id='word_1_155' title='bbox 1191 1948 1265 2019; x_wconf 89' lang='grc' dir='ltr'><strong><em>τοῖς</em></strong></span> <span class='ocrx_word' id='word_1_156' title='bbox 1281 1941 1395 2025; x_wconf 91' lang='grc' dir='ltr'><strong><em>λόγοις</em></strong></span> <span class='ocrx_word' id='word_1_157' title='bbox 1415 1944 1436 2027; x_wconf 76' lang='grc' dir='ltr'><em>ἢ</em></span> <span class='ocrx_word' id='word_1_158' title='bbox 1458 1946 1503 2029; x_wconf 77' lang='grc' dir='ltr'><strong><em>μὴ</em></strong></span> <span class='ocrx_word' id='word_1_159' title='bbox 1528 1961 1631 2030; x_wconf 90' lang='grc' dir='ltr'><strong><em>προσ-</em></strong></span> 
     </span>
     <span class='ocr_line' id='line_1_17' title="bbox 383 2043 1633 2132; baseline 0.004 -28"><span class='ocrx_word' id='word_1_160' title='bbox 383 2047 489 2121; x_wconf 90' lang='grc' dir='ltr'><strong><em>ἐχειν,·</em></strong></span> <span class='ocrx_word' id='word_1_161' title='bbox 516 2047 548 2106; x_wconf 87' lang='grc' dir='ltr'><strong><em>εί</em></strong></span> <span class='ocrx_word' id='word_1_162' title='bbox 574 2047 635 2122; x_wconf 85' lang='grc' dir='ltr'><strong><em>μέν</em></strong></span> <span class='ocrx_word' id='word_1_163' title='bbox 663 2047 726 2129; x_wconf 88' lang='grc' dir='ltr'><strong><em>γάρ</em></strong></span> <span class='ocrx_word' id='word_1_164' title='bbox 759 2048 817 2109; x_wconf 86' lang='grc' dir='ltr'><strong><em>οὐκ</em></strong></span> <span class='ocrx_word' id='word_1_165' title='bbox 846 2048 1013 2130; x_wconf 82' lang='grc' dir='ltr'><strong><em>ἐπείσθη,</em></strong></span> <span class='ocrx_word' id='word_1_166' title='bbox 1042 2053 1118 2121; x_wconf 88' lang='grc' dir='ltr'><strong><em>πῶς</em></strong></span> <span class='ocrx_word' id='word_1_167' title='bbox 1147 2047 1223 2108; x_wconf 87' lang='grc' dir='ltr'><strong><em>ἀντί</em></strong></span> <span class='ocrx_word' id='word_1_168' title='bbox 1250 2053 1414 2130; x_wconf 83' lang='grc' dir='ltr'><strong><em>χορευτού</em></strong></span> <span class='ocrx_word' id='word_1_169' title='bbox 1441 2043 1633 2132; x_wconf 89' lang='grc' dir='ltr'><strong><em>φιλόσοφος</em></strong></span> 
     </span>
     <span class='ocr_line' id='line_1_18' title="bbox 382 2143 1632 2232; baseline 0.003 -26"><span class='ocrx_word' id='word_1_170' title='bbox 382 2147 511 2227; x_wconf 79' lang='grc' dir='ltr'><strong><em>ἐγένετο</em></strong></span> <span class='ocrx_word' id='word_1_171' title='bbox 533 2148 590 2208; x_wconf 87' lang='grc' dir='ltr'><strong><em>καί</em></strong></span> <span class='ocrx_word' id='word_1_172' title='bbox 613 2151 672 2210; x_wconf 85' lang='grc' dir='ltr'><strong><em>τόν</em></strong></span> <span class='ocrx_word' id='word_1_173' title='bbox 693 2149 861 2232; x_wconf 89' lang='grc' dir='ltr'><strong><em>Πύρρωνα</em></strong></span> <span class='ocrx_word' id='word_1_174' title='bbox 886 2145 1053 2211; x_wconf 84' lang='grc' dir='ltr'><strong><em>διετέλεσε</em></strong></span> <span class='ocrx_word' id='word_1_175' title='bbox 1068 2143 1254 2226; x_wconf 89' lang='grc' dir='ltr'><strong><em>θαυμάζων</em></strong></span> <span class='ocrx_word' id='word_1_176' title='bbox 1261 2170 1273 2222; x_wconf 89' lang='grc'><strong><em>;</em></strong></span> <span class='ocrx_word' id='word_1_177' title='bbox 1294 2148 1326 2209; x_wconf 88' lang='grc' dir='ltr'><strong><em>εί</em></strong></span> <span class='ocrx_word' id='word_1_178' title='bbox 1348 2143 1384 2209; x_wconf 87' lang='grc' dir='ltr'><strong><em>δέ</em></strong></span> <span class='ocrx_word' id='word_1_179' title='bbox 1408 2150 1632 2229; x_wconf 84' lang='grc' dir='ltr'><strong><em>συγκατέθετο</em></strong></span> 
     </span>
     <span class='ocr_line' id='line_1_19' title="bbox 382 2244 1632 2336; baseline 0.003 -28"><span class='ocrx_word' id='word_1_180' title='bbox 382 2251 455 2321; x_wconf 90' lang='grc' dir='ltr'><strong><em>τοῖς</em></strong></span> <span class='ocrx_word' id='word_1_181' title='bbox 479 2244 679 2329; x_wconf 80' lang='grc' dir='ltr'><strong><em>λεγομένοις,</em></strong></span> <span class='ocrx_word' id='word_1_182' title='bbox 708 2252 840 2325; x_wconf 83' lang='grc' dir='ltr'><strong><em>άτοπος</em></strong></span> <span class='ocrx_word' id='word_1_183' title='bbox 862 2250 903 2311; x_wconf 82' lang='grc' dir='ltr'><strong><em>ἂν</em></strong></span> <span class='ocrx_word' id='word_1_184' title='bbox 926 2249 978 2334; x_wconf 89' lang='grc' dir='ltr'><strong><em>είη</em></strong></span> <span class='ocrx_word' id='word_1_185' title='bbox 1007 2270 1070 2326; x_wconf 86' lang='grc' dir='ltr'><strong><em>τις,</em></strong></span> <span class='ocrx_word' id='word_1_186' title='bbox 1101 2251 1203 2324; x_wconf 87' lang='grc' dir='ltr'><strong><em>αύτδς</em></strong></span> <span class='ocrx_word' id='word_1_187' title='bbox 1224 2251 1286 2328; x_wconf 83' lang='grc' dir='ltr'><strong><em>μέν</em></strong></span> <span class='ocrx_word' id='word_1_188' title='bbox 1309 2245 1524 2335; x_wconf 83' lang='grc' dir='ltr'><strong><em>φιλοσοφῶν,</em></strong></span> <span class='ocrx_word' id='word_1_189' title='bbox 1548 2255 1632 2336; x_wconf 78' lang='grc' dir='ltr'><strong><em>ημᾶς</em></strong></span> 
     </span>
     <span class='ocr_line' id='line_1_20' title="bbox 383 2343 1672 2430; baseline 0.001 -20"><span class='ocrx_word' id='word_1_190' title='bbox 383 2343 419 2410; x_wconf 88' lang='grc' dir='ltr'><strong><em>δέ</em></strong></span> <span class='ocrx_word' id='word_1_191' title='bbox 434 2346 580 2412; x_wconf 88' lang='grc' dir='ltr'><strong><em>κωλύων.</em></strong></span> <span class='ocrx_word' id='word_1_192' title='bbox 668 2347 787 2426; x_wconf 84' lang='grc' dir='ltr'><strong><em>άπλῶς</em></strong></span> <span class='ocrx_word' id='word_1_193' title='bbox 809 2346 845 2413; x_wconf 85' lang='grc' dir='ltr'><strong><em>δέ</em></strong></span> <span class='ocrx_word' id='word_1_194' title='bbox 861 2352 1043 2430; x_wconf 87' lang='grc' dir='ltr'><strong><em>θαυμάσαι</em></strong></span> <span class='ocrx_word' id='word_1_195' title='bbox 1065 2372 1118 2426; x_wconf 90' lang='grc' dir='ltr'><strong><em>τις</em></strong></span> <span class='ocrx_word' id='word_1_196' title='bbox 1139 2353 1191 2427; x_wconf 86' lang='grc' dir='ltr'><strong><em>άν,</em></strong></span> <span class='ocrx_word' id='word_1_197' title='bbox 1214 2353 1249 2413; x_wconf 91' lang='grc' dir='ltr'><strong><em>οί</em></strong></span> <span class='ocrx_word' id='word_1_198' title='bbox 1267 2352 1422 2428; x_wconf 90' lang='grc' dir='ltr'><strong><em>Τίμωνος</em></strong></span> <span class='ocrx_word' id='word_1_199' title='bbox 1443 2349 1559 2416; x_wconf 90' lang='grc' dir='ltr'><strong><em>σίλλοι</em></strong></span> <span class='ocrx_word' id='word_1_200' title='bbox 1579 2354 1632 2414; x_wconf 83' lang='grc' dir='ltr'><strong><em>καί</em></strong></span> <span class='ocrx_word' id='word_1_201' title='bbox 1642 2353 1672 2411; x_wconf 80' lang='grc'><strong><em>16</em></strong></span> 
     </span>
     <span class='ocr_line' id='line_1_21' title="bbox 330 2451 1633 2539; baseline 0.002 -26"><span class='ocrx_word' id='word_1_202' title='bbox 330 2456 359 2507; x_wconf 80' lang='lat'><strong><em>2⁰</em></strong></span> <span class='ocrx_word' id='word_1_203' title='bbox 381 2453 418 2514; x_wconf 84' lang='grc' dir='ltr'><strong><em>αἱ</em></strong></span> <span class='ocrx_word' id='word_1_204' title='bbox 433 2453 517 2514; x_wconf 89' lang='grc' dir='ltr'><strong><em>κατά</em></strong></span> <span class='ocrx_word' id='word_1_205' title='bbox 535 2455 672 2515; x_wconf 90' lang='grc' dir='ltr'><strong><em>πάντων</em></strong></span> <span class='ocrx_word' id='word_1_206' title='bbox 688 2453 885 2539; x_wconf 84' lang='grc' dir='ltr'><strong><em>ἀνθρώπων</em></strong></span> <span class='ocrx_word' id='word_1_207' title='bbox 899 2451 1118 2539; x_wconf 83' lang='grc' dir='ltr'><strong><em>βλασφημίαι</em></strong></span> <span class='ocrx_word' id='word_1_208' title='bbox 1131 2454 1188 2514; x_wconf 88' lang='grc' dir='ltr'><strong><em>καί</em></strong></span> <span class='ocrx_word' id='word_1_209' title='bbox 1208 2455 1246 2514; x_wconf 88' lang='grc' dir='ltr'><strong><em>αί</em></strong></span> <span class='ocrx_word' id='word_1_210' title='bbox 1259 2454 1387 2538; x_wconf 90' lang='grc' dir='ltr'><strong><em>μακραί</em></strong></span> <span class='ocrx_word' id='word_1_211' title='bbox 1404 2457 1633 2532; x_wconf 84' lang='grc' dir='ltr'><strong><em>στοιχειώσεις</em></strong></span> 
     </span>
     <span class='ocr_line' id='line_1_22' title="bbox 382 2549 1709 2641; baseline 0.005 -25"><span class='ocrx_word' id='word_1_212' title='bbox 382 2553 622 2641; x_wconf 78' lang='grc' dir='ltr'><strong><em>Αἰνησιδήμου</em></strong></span> <span class='ocrx_word' id='word_1_213' title='bbox 644 2556 702 2618; x_wconf 82' lang='grc' dir='ltr'><strong><em>καί</em></strong></span> <span class='ocrx_word' id='word_1_214' title='bbox 723 2562 793 2631; x_wconf 83' lang='grc' dir='ltr'><strong><em>πᾶς</em></strong></span> <span class='ocrx_word' id='word_1_215' title='bbox 817 2558 1006 2630; x_wconf 89' lang='grc' dir='ltr'><strong><em>ότοιούτος</em></strong></span> <span class='ocrx_word' id='word_1_216' title='bbox 1029 2554 1128 2635; x_wconf 90' lang='grc' dir='ltr'><strong><em>όχλος</em></strong></span> <span class='ocrx_word' id='word_1_217' title='bbox 1149 2563 1217 2618; x_wconf 84' lang='grc' dir='ltr'><strong><em>τῶν</em></strong></span> <span class='ocrx_word' id='word_1_218' title='bbox 1234 2554 1341 2638; x_wconf 92' lang='grc' dir='ltr'><strong><em>λόγων</em></strong></span> <span class='ocrx_word' id='word_1_219' title='bbox 1363 2558 1398 2618; x_wconf 90' lang='grc' dir='ltr'><strong><em>τί</em></strong></span> <span class='ocrx_word' id='word_1_220' title='bbox 1413 2552 1543 2641; x_wconf 79' lang='grc' dir='ltr'><strong><em>δήποτε</em></strong></span> <span class='ocrx_word' id='word_1_221' title='bbox 1558 2560 1633 2638; x_wconf 88' lang='grc' dir='ltr'><strong><em>βού·</em></strong></span> <span class='ocrx_word' id='word_1_222' title='bbox 1706 2549 1709 2622; x_wconf 75' lang='grc' dir='ltr'><strong><em>λ</em></strong></span> 
     </span>
     <span class='ocr_line' id='line_1_23' title="bbox 382 2654 1633 2742; baseline 0.001 -23"><span class='ocrx_word' id='word_1_223' title='bbox 382 2654 476 2720; x_wconf 89' lang='grc' dir='ltr'><strong><em>λεται</em></strong></span> <span class='ocrx_word' id='word_1_224' title='bbox 498 2660 624 2733; x_wconf 82' lang='grc' dir='ltr'><strong><em>αὐτοῖς.</em></strong></span> <span class='ocrx_word' id='word_1_225' title='bbox 667 2660 700 2720; x_wconf 90' lang='grc' dir='ltr'><strong><em>εί</em></strong></span> <span class='ocrx_word' id='word_1_226' title='bbox 720 2658 781 2736; x_wconf 80' lang='grc' dir='ltr'><strong><em>μὲν</em></strong></span> <span class='ocrx_word' id='word_1_227' title='bbox 802 2658 864 2741; x_wconf 87' lang='grc' dir='ltr'><strong><em>γάρ</em></strong></span> <span class='ocrx_word' id='word_1_228' title='bbox 889 2659 1041 2734; x_wconf 89' lang='grc' dir='ltr'><strong><em>οίόμενοι</em></strong></span> <span class='ocrx_word' id='word_1_229' title='bbox 1061 2659 1233 2742; x_wconf 87' lang='grc' dir='ltr'><strong><em>κρείττους</em></strong></span> <span class='ocrx_word' id='word_1_230' title='bbox 1254 2662 1343 2742; x_wconf 80' lang='grc' dir='ltr'><strong><em>ημᾶς</em></strong></span> <span class='ocrx_word' id='word_1_231' title='bbox 1365 2659 1633 2741; x_wconf 85' lang='grc' dir='ltr'><strong><em>ἀπεργάσασθαι</em></strong></span> 
     </span>
     <span class='ocr_line' id='line_1_24' title="bbox 381 2756 1633 2847; baseline 0.002 -25"><span class='ocrx_word' id='word_1_232' title='bbox 381 2769 485 2823; x_wconf 81' lang='grc' dir='ltr'><strong><em>ταῦτα</em></strong></span> <span class='ocrx_word' id='word_1_233' title='bbox 501 2762 700 2847; x_wconf 89' lang='grc' dir='ltr'><strong><em>γεγράφασι,</em></strong></span> <span class='ocrx_word' id='word_1_234' title='bbox 722 2761 779 2821; x_wconf 88' lang='grc' dir='ltr'><strong><em>καί</em></strong></span> <span class='ocrx_word' id='word_1_235' title='bbox 802 2756 858 2822; x_wconf 86' lang='grc' dir='ltr'><strong><em>διά</em></strong></span> <span class='ocrx_word' id='word_1_236' title='bbox 874 2766 974 2821; x_wconf 86' lang='grc' dir='ltr'><strong><em>τούτο</em></strong></span> <span class='ocrx_word' id='word_1_237' title='bbox 991 2761 1122 2834; x_wconf 85' lang='grc' dir='ltr'><strong><em>πάντας</em></strong></span> <span class='ocrx_word' id='word_1_238' title='bbox 1138 2758 1271 2823; x_wconf 87' lang='grc' dir='ltr'><strong><em>οἴονται</em></strong></span> <span class='ocrx_word' id='word_1_239' title='bbox 1292 2756 1363 2823; x_wconf 87' lang='grc' dir='ltr'><strong><em>δεῖν</em></strong></span> <span class='ocrx_word' id='word_1_240' title='bbox 1378 2757 1523 2842; x_wconf 81' lang='grc' dir='ltr'><strong><em>ἐλέγχειν</em></strong></span> <span class='ocrx_word' id='word_1_241' title='bbox 1539 2764 1633 2835; x_wconf 86' lang='grc' dir='ltr'><strong><em>όπως</em></strong></span> 
     </span>
     <span class='ocr_line' id='line_1_25' title="bbox 381 2857 1633 2949; baseline 0.001 -25"><span class='ocrx_word' id='word_1_242' title='bbox 381 2864 598 2941; x_wconf 86' lang='grc' dir='ltr'><strong><em>παυσώμεθα</em></strong></span> <span class='ocrx_word' id='word_1_243' title='bbox 623 2858 859 2947; x_wconf 82' lang='grc' dir='ltr'><strong><em>φλυαροῦντες,</em></strong></span> <span class='ocrx_word' id='word_1_244' title='bbox 889 2857 1072 2941; x_wconf 89' lang='grc' dir='ltr'><strong><em>βούλονται</em></strong></span> <span class='ocrx_word' id='word_1_245' title='bbox 1095 2857 1252 2944; x_wconf 90' lang='grc' dir='ltr'><strong><em>δηλονότι</em></strong></span> <span class='ocrx_word' id='word_1_246' title='bbox 1274 2863 1334 2946; x_wconf 77' lang='grc' dir='ltr'><strong><em>την</em></strong></span> <span class='ocrx_word' id='word_1_247' title='bbox 1357 2859 1526 2946; x_wconf 80' lang='grc' dir='ltr'><strong><em>ἀληθειαν</em></strong></span> <span class='ocrx_word' id='word_1_248' title='bbox 1546 2868 1633 2949; x_wconf 78' lang='grc' dir='ltr'><strong><em>ημᾶς</em></strong></span> 
     </span>
     <span class='ocr_line' id='line_1_26' title="bbox 329 2959 1638 3049; baseline 0 -24"><span class='ocrx_word' id='word_1_249' title='bbox 329 2966 359 3017; x_wconf 78' lang='lat'><strong><em>²5</em></strong></span> <span class='ocrx_word' id='word_1_250' title='bbox 381 2959 508 3026; x_wconf 79' lang='grc' dir='ltr'><strong><em>εἰδέναι</em></strong></span> <span class='ocrx_word' id='word_1_251' title='bbox 521 2965 578 3025; x_wconf 88' lang='grc' dir='ltr'><strong><em>καί</em></strong></span> <span class='ocrx_word' id='word_1_252' title='bbox 592 2959 780 3044; x_wconf 85' lang='grc' dir='ltr'><strong><em>ὑπολαβεῖν</em></strong></span> <span class='ocrx_word' id='word_1_253' title='bbox 801 2965 854 3025; x_wconf 85' lang='grc' dir='ltr'><strong><em>ὅτι</em></strong></span> <span class='ocrx_word' id='word_1_254' title='bbox 869 2970 1009 3024; x_wconf 81' lang='grc' dir='ltr'><strong><em>τοιαῦτα</em></strong></span> <span class='ocrx_word' id='word_1_255' title='bbox 1032 2962 1085 3047; x_wconf 83' lang='grc' dir='ltr'><strong><em>εἴη</em></strong></span> <span class='ocrx_word' id='word_1_256' title='bbox 1108 2964 1148 3025; x_wconf 87' lang='grc' dir='ltr'><strong><em>τά</em></strong></span> <span class='ocrx_word' id='word_1_257' title='bbox 1166 2964 1348 3047; x_wconf 89' lang='grc' dir='ltr'><strong><em>πράγματα</em></strong></span> <span class='ocrx_word' id='word_1_258' title='bbox 1364 2965 1526 3049; x_wconf 91' lang='grc' dir='ltr'><strong><em>καθάπερ</em></strong></span> <span class='ocrx_word' id='word_1_259' title='bbox 1542 2962 1638 3041; x_wconf 81' lang='grc' dir='ltr'><strong><em>ἀξιοῖ</em></strong></span> 
     </span>
     <span class='ocr_line' id='line_1_27' title="bbox 380 3061 1633 3150; baseline 0 -23"><span class='ocrx_word' id='word_1_260' title='bbox 380 3067 535 3150; x_wconf 88' lang='grc' dir='ltr'><strong><em>Πύρρων.</em></strong></span> <span class='ocrx_word' id='word_1_261' title='bbox 581 3068 669 3128; x_wconf 84' lang='grc' dir='ltr'><strong><em>ὥστε</em></strong></span> <span class='ocrx_word' id='word_1_262' title='bbox 698 3068 729 3128; x_wconf 92' lang='grc' dir='ltr'><strong><em>εί</em></strong></span> <span class='ocrx_word' id='word_1_263' title='bbox 751 3065 978 3148; x_wconf 89' lang='grc' dir='ltr'><strong><em>πεισθείημεν</em></strong></span> <span class='ocrx_word' id='word_1_264' title='bbox 1007 3065 1134 3141; x_wconf 82' lang='grc' dir='ltr'><strong><em>αὐτοῖς,</em></strong></span> <span class='ocrx_word' id='word_1_265' title='bbox 1163 3066 1198 3126; x_wconf 92' lang='grc' dir='ltr'><strong><em>ἐκ</em></strong></span> <span class='ocrx_word' id='word_1_266' title='bbox 1225 3066 1387 3150; x_wconf 90' lang='grc' dir='ltr'><strong><em>χειρόνων</em></strong></span> <span class='ocrx_word' id='word_1_267' title='bbox 1416 3061 1574 3145; x_wconf 88' lang='grc' dir='ltr'><strong><em>βελτίους</em></strong></span> <span class='ocrx_word' id='word_1_268' title='bbox 1595 3066 1633 3127; x_wconf 79' lang='grc' dir='ltr'><strong><em>ἂν</em></strong></span> 
     </span>
     <span class='ocr_line' id='line_1_28' title="bbox 381 3163 1634 3253; baseline 0.001 -25"><span class='ocrx_word' id='word_1_269' title='bbox 381 3167 575 3247; x_wconf 87' lang='grc' dir='ltr'><strong><em>γενοίμεθα,</em></strong></span> <span class='ocrx_word' id='word_1_270' title='bbox 598 3168 770 3253; x_wconf 88' lang='grc' dir='ltr'><strong><em>κρίναντες</em></strong></span> <span class='ocrx_word' id='word_1_271' title='bbox 792 3168 832 3229; x_wconf 88' lang='grc' dir='ltr'><strong><em>τά</em></strong></span> <span class='ocrx_word' id='word_1_272' title='bbox 858 3168 1105 3251; x_wconf 86' lang='grc' dir='ltr'><strong><em>συμφορώτερα</em></strong></span> <span class='ocrx_word' id='word_1_273' title='bbox 1127 3168 1184 3228; x_wconf 87' lang='grc' dir='ltr'><strong><em>καί</em></strong></span> <span class='ocrx_word' id='word_1_274' title='bbox 1212 3168 1293 3241; x_wconf 86' lang='grc' dir='ltr'><strong><em>τούς</em></strong></span> <span class='ocrx_word' id='word_1_275' title='bbox 1314 3168 1453 3243; x_wconf 85' lang='grc' dir='ltr'><strong><em>άμεινον</em></strong></span> <span class='ocrx_word' id='word_1_276' title='bbox 1476 3163 1634 3248; x_wconf 83' lang='grc' dir='ltr'><strong><em>λέγοντας</em></strong></span> 
     </span>
     <span class='ocr_line' id='line_1_29' title="bbox 382 3255 1673 3353; baseline 0 -24"><span class='ocrx_word' id='word_1_277' title='bbox 382 3264 640 3347; x_wconf 80' lang='grc' dir='ltr'><strong><em>ἀποδεξάμενοι.</em></strong></span> <span class='ocrx_word' id='word_1_278' title='bbox 727 3276 804 3344; x_wconf 84' lang='grc' dir='ltr'><strong><em>πῶς</em></strong></span> <span class='ocrx_word' id='word_1_279' title='bbox 827 3266 885 3330; x_wconf 84' lang='grc' dir='ltr'><strong><em>οδν</em></strong></span> <span class='ocrx_word' id='word_1_280' title='bbox 907 3255 966 3329; x_wconf 80' lang='grc' dir='ltr'><strong><em>ἐπ’</em></strong></span> <span class='ocrx_word' id='word_1_281' title='bbox 997 3266 1074 3351; x_wconf 89' lang='grc' dir='ltr'><strong><em>ίσης</em></strong></span> <span class='ocrx_word' id='word_1_282' title='bbox 1102 3264 1277 3353; x_wconf 82' lang='grc' dir='ltr'><strong><em>ἀδιάφορα</em></strong></span> <span class='ocrx_word' id='word_1_283' title='bbox 1306 3269 1347 3329; x_wconf 86' lang='grc' dir='ltr'><strong><em>τά</em></strong></span> <span class='ocrx_word' id='word_1_284' title='bbox 1371 3270 1555 3353; x_wconf 89' lang='grc' dir='ltr'><strong><em>πράγματα</em></strong></span> <span class='ocrx_word' id='word_1_285' title='bbox 1577 3270 1633 3331; x_wconf 83' lang='grc' dir='ltr'><strong><em>καί</em></strong></span> <span class='ocrx_word' id='word_1_286' title='bbox 1643 3271 1673 3330; x_wconf 84' lang='grc'><strong><em>17</em></strong></span> 
     </span>
     <span class='ocr_line' id='line_1_30' title="bbox 381 3361 1634 3454; baseline 0.001 -23"><span class='ocrx_word' id='word_1_287' title='bbox 381 3372 580 3454; x_wconf 90' lang='grc' dir='ltr'><strong><em>άνεπίκριτα</em></strong></span> <span class='ocrx_word' id='word_1_288' title='bbox 597 3361 727 3433; x_wconf 78' lang='grc' dir='ltr'><strong><em>δύναιτ’</em></strong></span> <span class='ocrx_word' id='word_1_289' title='bbox 745 3371 786 3433; x_wconf 84' lang='grc' dir='ltr'><strong><em>ύν</em></strong></span> <span class='ocrx_word' id='word_1_290' title='bbox 802 3368 907 3446; x_wconf 84' lang='grc' dir='ltr'><strong><em>εἷναι,·</em></strong></span> <span class='ocrx_word' id='word_1_291' title='bbox 925 3370 982 3431; x_wconf 88' lang='grc' dir='ltr'><strong><em>καί</em></strong></span> <span class='ocrx_word' id='word_1_292' title='bbox 998 3376 1074 3444; x_wconf 84' lang='grc' dir='ltr'><strong><em>πῶς</em></strong></span> <span class='ocrx_word' id='word_1_293' title='bbox 1089 3369 1361 3450; x_wconf 89' lang='grc' dir='ltr'><strong><em>άσυγκατάθετοι</em></strong></span> <span class='ocrx_word' id='word_1_294' title='bbox 1376 3372 1434 3432; x_wconf 85' lang='grc' dir='ltr'><strong><em>καί</em></strong></span> <span class='ocrx_word' id='word_1_295' title='bbox 1448 3367 1634 3447; x_wconf 87' lang='grc' dir='ltr'><strong><em>άδόξαστοι</em></strong></span> 
     </span>
     <span class='ocr_line' id='line_1_31' title="bbox 330 3463 1634 3558; baseline 0 -23"><span class='ocrx_word' id='word_1_296' title='bbox 330 3475 359 3525; x_wconf 79' lang='lat'><strong><em>³⁰</em></strong></span> <span class='ocrx_word' id='word_1_297' title='bbox 380 3465 557 3554; x_wconf 77' lang='grc' dir='ltr'><strong><em>γενοίμεθ’</em></strong></span> <span class='ocrx_word' id='word_1_298' title='bbox 588 3474 647 3547; x_wconf 86' lang='grc' dir='ltr'><strong><em>άν;</em></strong></span> <span class='ocrx_word' id='word_1_299' title='bbox 672 3474 704 3534; x_wconf 90' lang='grc' dir='ltr'><strong><em>εί</em></strong></span> <span class='ocrx_word' id='word_1_300' title='bbox 732 3463 764 3534; x_wconf 75' lang='grc' dir='ltr'><strong><em>δ’</em></strong></span> <span class='ocrx_word' id='word_1_301' title='bbox 796 3468 893 3534; x_wconf 86' lang='grc' dir='ltr'><strong><em>ούδέν</em></strong></span> <span class='ocrx_word' id='word_1_302' title='bbox 922 3468 1047 3557; x_wconf 90' lang='grc' dir='ltr'><strong><em>όφελός</em></strong></span> <span class='ocrx_word' id='word_1_303' title='bbox 1074 3472 1149 3533; x_wconf 92' lang='grc' dir='ltr'><strong><em>ἐστι</em></strong></span> <span class='ocrx_word' id='word_1_304' title='bbox 1177 3478 1244 3533; x_wconf 84' lang='grc' dir='ltr'><strong><em>τῶν</em></strong></span> <span class='ocrx_word' id='word_1_305' title='bbox 1267 3468 1383 3553; x_wconf 91' lang='grc' dir='ltr'><strong><em>λόγων,</em></strong></span> <span class='ocrx_word' id='word_1_306' title='bbox 1412 3474 1447 3534; x_wconf 90' lang='grc' dir='ltr'><strong><em>τί</em></strong></span> <span class='ocrx_word' id='word_1_307' title='bbox 1473 3475 1540 3558; x_wconf 78' lang='grc' dir='ltr'><strong><em>μην</em></strong></span> <span class='ocrx_word' id='word_1_308' title='bbox 1562 3475 1634 3535; x_wconf 85' lang='grc' dir='ltr'><strong><em>ἐνο-</em></strong></span> 
     </span>
     <span class='ocr_line' id='line_1_32' title="bbox 378 3564 1633 3659; baseline 0 -22"><span class='ocrx_word' id='word_1_309' title='bbox 378 3574 531 3654; x_wconf 84' lang='grc' dir='ltr'><strong><em>χλούσιν,·</em></strong></span> <span class='ocrx_word' id='word_1_310' title='bbox 551 3574 571 3659; x_wconf 78' lang='grc' dir='ltr'><em>ἢ</em></span> <span class='ocrx_word' id='word_1_311' title='bbox 596 3570 653 3637; x_wconf 82' lang='grc' dir='ltr'><strong><em>διὰ</em></strong></span> <span class='ocrx_word' id='word_1_312' title='bbox 676 3574 710 3635; x_wconf 94' lang='grc' dir='ltr'><strong><em>τί</em></strong></span> <span class='ocrx_word' id='word_1_313' title='bbox 728 3575 843 3652; x_wconf 88' lang='grc' dir='ltr'><strong><em>Τίμων</em></strong></span> <span class='ocrx_word' id='word_1_314' title='bbox 862 3574 968 3657; x_wconf 86' lang='grc' dir='ltr'><strong><em>φησίν</em></strong></span> <span class='ocrx_word' id='word_1_315' title='bbox 987 3564 1075 3634; x_wconf 47' lang='grc' dir='ltr'><strong><em>(οὐκ</em></strong></span> <span class='ocrx_word' id='word_1_316' title='bbox 1096 3573 1144 3634; x_wconf 79' lang='grc' dir='ltr'><strong><em>ἂν</em></strong></span> <span class='ocrx_word' id='word_1_317' title='bbox 1167 3568 1212 3659; x_wconf 80' lang='grc' dir='ltr'><strong><em>δη</em></strong></span> <span class='ocrx_word' id='word_1_318' title='bbox 1230 3606 1272 3619; x_wconf 89' lang='grc'><strong>-</strong></span> <span class='ocrx_word' id='word_1_319' title='bbox 1286 3565 1448 3650; x_wconf 77' lang='grc' dir='ltr'><strong><em>άλλος;’</em></strong></span> <span class='ocrx_word' id='word_1_320' title='bbox 1473 3572 1571 3651; x_wconf 68' lang='grc'><strong><em>(11.8)</em></strong></span> <span class='ocrx_word' id='word_1_321' title='bbox 1595 3578 1633 3637; x_wconf 87' lang='grc' dir='ltr'><strong><em>ού</em></strong></span> 
     </span>
     <span class='ocr_line' id='line_1_33' title="bbox 379 3673 1633 3763; baseline 0 -23"><span class='ocrx_word' id='word_1_322' title='bbox 379 3680 441 3763; x_wconf 86' lang='grc' dir='ltr'><strong><em>γάρ</em></strong></span> <span class='ocrx_word' id='word_1_323' title='bbox 469 3673 598 3756; x_wconf 84' lang='grc' dir='ltr'><strong><em>μᾶλλον</em></strong></span> <span class='ocrx_word' id='word_1_324' title='bbox 619 3678 788 3761; x_wconf 89' lang='grc' dir='ltr'><strong><em>Πύρρωνα</em></strong></span> <span class='ocrx_word' id='word_1_325' title='bbox 818 3676 1000 3753; x_wconf 86' lang='grc' dir='ltr'><strong><em>θαυμάσαι</em></strong></span> <span class='ocrx_word' id='word_1_326' title='bbox 1025 3695 1078 3749; x_wconf 88' lang='grc' dir='ltr'><strong><em>τις</em></strong></span> <span class='ocrx_word' id='word_1_327' title='bbox 1104 3676 1145 3736; x_wconf 83' lang='grc' dir='ltr'><strong><em>ἂν</em></strong></span> <span class='ocrx_word' id='word_1_328' title='bbox 1171 3676 1192 3759; x_wconf 77' lang='grc' dir='ltr'><em>ἢ</em></span> <span class='ocrx_word' id='word_1_329' title='bbox 1221 3678 1281 3737; x_wconf 88' lang='grc' dir='ltr'><strong><em>τόν</em></strong></span> <span class='ocrx_word' id='word_1_330' title='bbox 1307 3677 1478 3760; x_wconf 85' lang='grc' dir='ltr'><strong><em>Κόροιβον</em></strong></span> <span class='ocrx_word' id='word_1_331' title='bbox 1507 3680 1633 3740; x_wconf 85' lang='grc' dir='ltr'><strong><em>ἐκεῖνον</em></strong></span> 
     </span>
     <span class='ocr_line' id='line_1_34' title="bbox 379 3771 1674 3863; baseline -0.004 -22"><span class='ocrx_word' id='word_1_332' title='bbox 379 3780 473 3863; x_wconf 83' lang='grc' dir='ltr'><strong><em>ἢτδν</em></strong></span> <span class='ocrx_word' id='word_1_333' title='bbox 488 3773 696 3862; x_wconf 87' lang='grc' dir='ltr'><strong><em>Μελητίδην,</em></strong></span> <span class='ocrx_word' id='word_1_334' title='bbox 720 3780 755 3840; x_wconf 88' lang='grc' dir='ltr'><strong><em>οῖ</em></strong></span> <span class='ocrx_word' id='word_1_335' title='bbox 777 3772 815 3862; x_wconf 79' lang='grc' dir='ltr'><strong><em>δη</em></strong></span> <span class='ocrx_word' id='word_1_336' title='bbox 834 3772 971 3839; x_wconf 87' lang='grc' dir='ltr'><strong><em>δοκούσι</em></strong></span> <span class='ocrx_word' id='word_1_337' title='bbox 989 3778 1119 3862; x_wconf 89' lang='grc' dir='ltr'><strong><em>μωρίαι</em></strong></span> <span class='ocrx_word' id='word_1_338' title='bbox 1134 3771 1321 3858; x_wconf 81' lang='grc' dir='ltr'><strong><em>διενεγκεῖν.</em></strong></span> <span class='ocrx_word' id='word_1_339' title='bbox 1400 3780 1633 3858; x_wconf 89' lang='grc' dir='ltr'><strong><em>ἐνθυμεῖσθαι</em></strong></span> <span class='ocrx_word' id='word_1_340' title='bbox 1643 3778 1674 3838; x_wconf 80' lang='grc'><strong><em>18</em></strong></span> 
     </span>
    </p>
   </div>
   <div class='ocr_carea' id='block_1_3' title="bbox 379 3875 1631 3966">
    <p class='ocr_par' dir='ltr' id='par_1_3' title="bbox 379 3875 1631 3966">
     <span class='ocr_line' id='line_1_35' title="bbox 379 3875 1631 3966; baseline 0 -24"><span class='ocrx_word' id='word_1_341' title='bbox 379 3885 496 3959; x_wconf 83' lang='grc' dir='ltr'><strong><em>μέντοι</em></strong></span> <span class='ocrx_word' id='word_1_342' title='bbox 516 3883 577 3966; x_wconf 80' lang='grc' dir='ltr'><strong><em>χρη</em></strong></span> <span class='ocrx_word' id='word_1_343' title='bbox 601 3880 657 3941; x_wconf 87' lang='grc' dir='ltr'><strong><em>καί</em></strong></span> <span class='ocrx_word' id='word_1_344' title='bbox 673 3886 788 3941; x_wconf 81' lang='grc' dir='ltr'><strong><em>ταῦτα.</em></strong></span> <span class='ocrx_word' id='word_1_345' title='bbox 833 3883 936 3953; x_wconf 87' lang='grc' dir='ltr'><strong><em>ποῖος</em></strong></span> <span class='ocrx_word' id='word_1_346' title='bbox 957 3879 1020 3962; x_wconf 89' lang='grc' dir='ltr'><strong><em>γάρ</em></strong></span> <span class='ocrx_word' id='word_1_347' title='bbox 1044 3879 1085 3940; x_wconf 88' lang='grc' dir='ltr'><strong><em>άν</em></strong></span> <span class='ocrx_word' id='word_1_348' title='bbox 1107 3882 1239 3960; x_wconf 91' lang='grc' dir='ltr'><strong><em>γένοιτο</em></strong></span> <span class='ocrx_word' id='word_1_349' title='bbox 1258 3875 1404 3963; x_wconf 88' lang='grc' dir='ltr'><strong><em>πολίτης</em></strong></span> <span class='ocrx_word' id='word_1_350' title='bbox 1425 3877 1631 3964; x_wconf 75' lang='grc' dir='ltr'><strong><em>ἢδικασνής,</em></strong></span> 
     </span>
    </p>
   </div>
   <div class='ocr_carea' id='block_1_4' title="bbox 380 4072 1631 4573">
    <p class='ocr_par' dir='ltr' id='par_1_4' title="bbox 380 4072 1631 4573">
     <span class='ocr_line' id='line_1_36' title="bbox 482 4072 1580 4149; baseline 0 -16"><span class='ocrx_word' id='word_1_351' title='bbox 482 4073 575 4135; x_wconf 61' lang='lat' dir='ltr'><strong><em>stau</em></strong></span> <span class='ocrx_word' id='word_1_352' title='bbox 594 4078 654 4133; x_wconf 61' lang='grc' dir='ltr'><strong><em>(Ὦς</em></strong></span> <span class='ocrx_word' id='word_1_353' title='bbox 677 4080 725 4135; x_wconf 79' lang='grc' dir='ltr'><strong><em>καί</em></strong></span> <span class='ocrx_word' id='word_1_354' title='bbox 744 4072 804 4134; x_wconf 77' lang='grc' dir='ltr'><strong><em>ἔστι</em></strong></span> <span class='ocrx_word' id='word_1_355' title='bbox 826 4077 909 4133; x_wconf 65' lang='lat' dir='ltr'>ueteri</span> <span class='ocrx_word' id='word_1_356' title='bbox 1004 4082 1101 4147; x_wconf 76' lang='lat' dir='ltr'><strong>4sqq.</strong></span> <span class='ocrx_word' id='word_1_357' title='bbox 1123 4076 1158 4132; x_wconf 78' lang='lat' dir='ltr'><strong><em>ef.</em></strong></span> <span class='ocrx_word' id='word_1_358' title='bbox 1175 4076 1360 4132; x_wconf 73' lang='lat' dir='ltr'>Wilamowitz</span> <span class='ocrx_word' id='word_1_359' title='bbox 1382 4078 1477 4149; x_wconf 79' lang='grc' dir='ltr'><strong><em>Ανιύίγ.</em></strong></span> <span class='ocrx_word' id='word_1_360' title='bbox 1493 4094 1520 4147; x_wconf 83' lang='lat' dir='ltr'><strong><em>p.</em></strong></span> <span class='ocrx_word' id='word_1_361' title='bbox 1533 4078 1580 4133; x_wconf 64' lang='lat'><strong><em>³8⁵</em></strong></span> 
     </span>
     <span class='ocr_line' id='line_1_37' title="bbox 381 4157 1631 4235; baseline 0 -16"><span class='ocrx_word' id='word_1_362' title='bbox 381 4170 396 4219; x_wconf 87' lang='grc'>5</span> <span class='ocrx_word' id='word_1_363' title='bbox 413 4160 488 4221; x_wconf 81' lang='grc' dir='ltr'><strong><em>κατά</em></strong></span> <span class='ocrx_word' id='word_1_364' title='bbox 508 4182 587 4229; x_wconf 80' lang='grc' dir='ltr'><strong><em>τινας</em></strong></span> <span class='ocrx_word' id='word_1_365' title='bbox 604 4163 695 4235; x_wconf 84' lang='grc' dir='ltr'><strong><em>λόγον</em></strong></span> <span class='ocrx_word' id='word_1_366' title='bbox 711 4160 759 4217; x_wconf 83' lang='lat' dir='ltr'><strong><em>CG</em></strong></span> <span class='ocrx_word' id='word_1_367' title='bbox 829 4166 860 4216; x_wconf 91' lang='lat'><strong><em>10</em></strong></span> <span class='ocrx_word' id='word_1_368' title='bbox 880 4157 968 4219; x_wconf 78' lang='grc' dir='ltr'><strong><em>αὐτῶν</em></strong></span> <span class='ocrx_word' id='word_1_369' title='bbox 986 4168 1052 4230; x_wconf 75' lang='lat' dir='ltr'>post</span> <span class='ocrx_word' id='word_1_370' title='bbox 1067 4162 1113 4216; x_wconf 76' lang='lat' dir='ltr'><strong><em>alt.</em></strong></span> <span class='ocrx_word' id='word_1_371' title='bbox 1130 4159 1259 4233; x_wconf 79' lang='grc' dir='ltr'><strong><em>ἐνέτυχες</em></strong></span> <span class='ocrx_word' id='word_1_372' title='bbox 1277 4162 1299 4218; x_wconf 84' lang='lat' dir='ltr'><strong>G</strong></span> <span class='ocrx_word' id='word_1_373' title='bbox 1317 4169 1346 4217; x_wconf 84' lang='lat' dir='ltr'><strong><em>et</em></strong></span> <span class='ocrx_word' id='word_1_374' title='bbox 1356 4162 1473 4219; x_wconf 72' lang='lat' dir='ltr'><strong><em>fortasse</em></strong></span> <span class='ocrx_word' id='word_1_375' title='bbox 1490 4164 1572 4219; x_wconf 77' lang='lat' dir='ltr'><strong>etiam</strong></span> <span class='ocrx_word' id='word_1_376' title='bbox 1590 4180 1631 4219; x_wconf 74' lang='grc' dir='ltr'><strong><em>οε</em></strong></span> 
     </span>
     <span class='ocr_line' id='line_1_38' title="bbox 380 4240 1598 4318; baseline -0.002 -13"><span class='ocrx_word' id='word_1_377' title='bbox 380 4250 439 4315; x_wconf 75' lang='lat' dir='ltr'>tori,</span> <span class='ocrx_word' id='word_1_378' title='bbox 461 4255 527 4318; x_wconf 81' lang='lat' dir='ltr'><strong>post</strong></span> <span class='ocrx_word' id='word_1_379' title='bbox 548 4247 624 4317; x_wconf 77' lang='lat' dir='ltr'>prius</span> <span class='ocrx_word' id='word_1_380' title='bbox 641 4246 728 4303; x_wconf 78' lang='lat' dir='ltr'><strong>Gaisf.</strong></span> <span class='ocrx_word' id='word_1_381' title='bbox 833 4250 863 4300; x_wconf 81' lang='lat'><strong><em>12</em></strong></span> <span class='ocrx_word' id='word_1_382' title='bbox 882 4242 952 4304; x_wconf 81' lang='grc' dir='ltr'><strong><em>τότε</em></strong></span> <span class='ocrx_word' id='word_1_383' title='bbox 975 4240 1049 4304; x_wconf 79' lang='grc' dir='ltr'><strong><em>διότι</em></strong></span> <span class='ocrx_word' id='word_1_384' title='bbox 1066 4245 1102 4301; x_wconf 84' lang='lat'><strong><em>0:</em></strong></span> <span class='ocrx_word' id='word_1_385' title='bbox 1125 4246 1161 4303; x_wconf 82' lang='grc' dir='ltr'><strong><em>τό</em></strong></span> <span class='ocrx_word' id='word_1_386' title='bbox 1184 4245 1260 4304; x_wconf 87' lang='grc' dir='ltr'><strong><em>όιότι</em></strong></span> <span class='ocrx_word' id='word_1_387' title='bbox 1278 4246 1316 4304; x_wconf 86' lang='lat' dir='ltr'><strong><em>G:</em></strong></span> <span class='ocrx_word' id='word_1_388' title='bbox 1339 4246 1375 4304; x_wconf 86' lang='grc' dir='ltr'><strong><em>τό</em></strong></span> <span class='ocrx_word' id='word_1_389' title='bbox 1397 4242 1442 4305; x_wconf 75' lang='grc' dir='ltr'><strong><em>διὰ</em></strong></span> <span class='ocrx_word' id='word_1_390' title='bbox 1465 4249 1495 4304; x_wconf 85' lang='grc' dir='ltr'><strong><em>τί</em></strong></span> <span class='ocrx_word' id='word_1_391' title='bbox 1515 4249 1598 4303; x_wconf 65' lang='lat' dir='ltr'><strong><em>&lt;aeteri</em></strong></span> 
     </span>
     <span class='ocr_line' id='line_1_39' title="bbox 382 4321 1564 4405; baseline 0.001 -18"><span class='ocrx_word' id='word_1_392' title='bbox 382 4338 413 4388; x_wconf 84' lang='lat'><strong><em>14</em></strong></span> <span class='ocrx_word' id='word_1_393' title='bbox 431 4328 553 4405; x_wconf 83' lang='grc' dir='ltr'><strong><em>α’γνοῖας</em></strong></span> <span class='ocrx_word' id='word_1_394' title='bbox 575 4332 654 4387; x_wconf 57' lang='lat' dir='ltr'>Eum:</span> <span class='ocrx_word' id='word_1_395' title='bbox 678 4346 746 4387; x_wconf 82' lang='lat' dir='ltr'>corr.</span> <span class='ocrx_word' id='word_1_396' title='bbox 762 4330 948 4387; x_wconf 78' lang='lat' dir='ltr'><strong>Wilamowitz</strong></span> <span class='ocrx_word' id='word_1_397' title='bbox 1016 4335 1119 4400; x_wconf 78' lang='grc' dir='ltr'><strong><em>φῶμεν</em></strong></span> <span class='ocrx_word' id='word_1_398' title='bbox 1141 4330 1201 4387; x_wconf 81' lang='lat' dir='ltr'><strong><em>OG:</em></strong></span> <span class='ocrx_word' id='word_1_399' title='bbox 1225 4321 1284 4403; x_wconf 79' lang='grc' dir='ltr'><strong><em>ιῖρύ</em></strong></span> <span class='ocrx_word' id='word_1_400' title='bbox 1307 4350 1341 4403; x_wconf 87' lang='grc' dir='ltr'><strong><em>γε</em></strong></span> <span class='ocrx_word' id='word_1_401' title='bbox 1363 4335 1464 4402; x_wconf 81' lang='grc' dir='ltr'><strong><em>φάμεν</em></strong></span> <span class='ocrx_word' id='word_1_402' title='bbox 1481 4332 1564 4388; x_wconf 64' lang='lat' dir='ltr'>osted</span> 
     </span>
     <span class='ocr_line' id='line_1_40' title="bbox 381 4407 1630 4489; baseline 0.001 -18"><span class='ocrx_word' id='word_1_403' title='bbox 381 4424 412 4472; x_wconf 79' lang='grc'><strong><em>12</em></strong></span> <span class='ocrx_word' id='word_1_404' title='bbox 432 4410 657 4489; x_wconf 79' lang='grc' dir='ltr'><strong><em>άπεργάσασθαι</em></strong></span> <span class='ocrx_word' id='word_1_405' title='bbox 680 4414 724 4473; x_wconf 82' lang='grc' dir='ltr'><strong><em>διὰ</em></strong></span> <span class='ocrx_word' id='word_1_406' title='bbox 749 4418 836 4473; x_wconf 85' lang='grc' dir='ltr'><strong><em>τοῦτο</em></strong></span> <span class='ocrx_word' id='word_1_407' title='bbox 855 4415 918 4472; x_wconf 83' lang='lat' dir='ltr'><strong><em>CG:</em></strong></span> <span class='ocrx_word' id='word_1_408' title='bbox 940 4407 1161 4487; x_wconf 72' lang='grc' dir='ltr'><strong><em>ἀπεργάσεσθαι</em></strong></span> <span class='ocrx_word' id='word_1_409' title='bbox 1182 4419 1273 4473; x_wconf 78' lang='grc' dir='ltr'><strong><em>ταῦτα</em></strong></span> <span class='ocrx_word' id='word_1_410' title='bbox 1298 4416 1380 4472; x_wconf 73' lang='lat' dir='ltr'><strong>oeten‘</strong></span> <span class='ocrx_word' id='word_1_411' title='bbox 1448 4421 1481 4471; x_wconf 77' lang='lat'><strong><em>24</em></strong></span> <span class='ocrx_word' id='word_1_412' title='bbox 1500 4413 1630 4488; x_wconf 84' lang='grc' dir='ltr'><strong><em>δηλονότι</em></strong></span> 
     </span>
     <span class='ocr_line' id='line_1_41' title="bbox 381 4492 1630 4573; baseline 0 -16"><span class='ocrx_word' id='word_1_413' title='bbox 381 4498 431 4573; x_wconf 71' lang='grc' dir='ltr'><strong><em>τὴν</em></strong></span> <span class='ocrx_word' id='word_1_414' title='bbox 442 4495 591 4572; x_wconf 71' lang='grc' dir='ltr'><strong><em>ἀλήθειαν]</em></strong></span> <span class='ocrx_word' id='word_1_415' title='bbox 605 4492 649 4557; x_wconf 81' lang='grc' dir='ltr'><strong><em>δτι</em></strong></span> <span class='ocrx_word' id='word_1_416' title='bbox 662 4498 685 4555; x_wconf 82' lang='lat' dir='ltr'>O</span> <span class='ocrx_word' id='word_1_417' title='bbox 736 4504 767 4554; x_wconf 78' lang='lat'><strong><em>27</em></strong></span> <span class='ocrx_word' id='word_1_418' title='bbox 782 4500 965 4570; x_wconf 77' lang='grc' dir='ltr'><strong><em>συμφέροντα</em></strong></span> <span class='ocrx_word' id='word_1_419' title='bbox 978 4499 1028 4556; x_wconf 81' lang='lat' dir='ltr'><strong><em>OG</em></strong></span> <span class='ocrx_word' id='word_1_420' title='bbox 1080 4504 1112 4555; x_wconf 81' lang='lat'><strong><em>30</em></strong></span> <span class='ocrx_word' id='word_1_421' title='bbox 1125 4503 1152 4556; x_wconf 86' lang='grc' dir='ltr'><strong><em>τῖ</em></strong></span> <span class='ocrx_word' id='word_1_422' title='bbox 1162 4499 1218 4571; x_wconf 71' lang='grc' dir='ltr'><strong><em>μὴν</em></strong></span> <span class='ocrx_word' id='word_1_423' title='bbox 1231 4498 1281 4556; x_wconf 84' lang='lat' dir='ltr'><strong><em>OG</em></strong></span> <span class='ocrx_word' id='word_1_424' title='bbox 1291 4499 1336 4564; x_wconf 82' lang='lat' dir='ltr'><strong>(cf.</strong></span> <span class='ocrx_word' id='word_1_425' title='bbox 1348 4504 1364 4567; x_wconf 68' lang='grc'><strong>5</strong></span> <span class='ocrx_word' id='word_1_426' title='bbox 1375 4506 1414 4567; x_wconf 73' lang='grc' dir='ltr'><strong><em>ηε</em></strong></span> <span class='ocrx_word' id='word_1_427' title='bbox 1431 4503 1460 4557; x_wconf 82' lang='grc' dir='ltr'><strong><em>τί</em></strong></span> <span class='ocrx_word' id='word_1_428' title='bbox 1471 4495 1539 4571; x_wconf 73' lang='grc' dir='ltr'><strong><em>ἡμῖν</em></strong></span> <span class='ocrx_word' id='word_1_429' title='bbox 1549 4502 1630 4557; x_wconf 63' lang='lat' dir='ltr'><strong>aeteri</strong></span> 
     </span>
    </p>
   </div>
   <div class='ocr_carea' id='block_1_5' title="bbox 0 0 1756 5075">
    <p class='ocr_par' dir='ltr' id='par_1_5' title="bbox 0 0 1756 5075">
     <span class='ocr_line' id='line_1_42' title="bbox 0 0 1756 5075; baseline 0 0"><span class='ocrx_word' id='word_1_430' title='bbox 0 0 1756 5075; x_wconf 95' lang='lat' dir='ltr'><strong><em> </em></strong></span> 
     </span>
    </p>
   </div>
  </div>
 </body>
</html>
