3500 5075
609 325 648 381 A.
665 323 766 383 TEST.
784 323 902 381 virne
922 329 996 379 1-8.
1385 324 1428 384 83

176 509 247 552 οντα
269 497 443 566 παρακαίειν
464 505 526 561 τοῖς
548 499 692 554 νοσοῦσιν.
728 495 771 562 [σί.
784 494 823 556 hl.
840 494 996 550 Wellmann
1017 483 1430 566 m.c9r.hrzte1108sqq.1

176 578 669 648 Gammn.meth.ther.11[XhK.]
691 585 741 639 καί
762 577 896 652 πρόσθεν
916 581 971 649 μέν
992 575 1051 650 ἔρις
1072 571 1107 652 ῆν
1130 573 1165 638 ού
1189 579 1295 652 σμικρὰ
1317 583 1430 651 νικῆσαι

175 671 228 724 τῶι
250 661 356 737 πλήθει
377 667 437 722 τῶν
458 659 628 739 εὑρημάτων
649 660 788 734 ἀλλήλους
811 659 1014 738 σ’ριγνωμένων
1036 669 1096 722 τῶν
1112 662 1145 722 ἐν
1163 668 1225 722 Πολι
1241 668 1290 722 καὶ
1309 667 1429 722 Κνίδωι·

175 746 272 810 διττόν
289 747 347 824 γὰρ
365 747 409 809 ἔτι
426 753 514 809 τοῦτο
532 746 568 810 τό
586 752 670 824 γένος
687 743 722 823 ήν
738 755 797 809 τοῖν
814 750 862 809 ἐπὶ
878 756 928 822 τῆς
939 743 1030 816 Ἄσίας
1041 743 1249 822 Ἀσκληπιαδῶν
1259 746 1431 815 ἐκλιπόντος

174 839 228 896 τοῦ
253 831 328 895 κατὰ
351 831 462 894 Ῥόδον·
488 833 589 910 ἤριζον
614 831 642 894 δ’
665 832 765 904 αὓτοῖς
790 833 842 908 τήν
868 830 984 909 ύγαθῆν
1010 831 1070 909 ἔριν
1095 834 1220 907 ἐκείνην,
1245 828 1281 905 ήν
1299 828 1431 899 Ἡσίοδος

174 917 283 994 ἐπήινει
298 924 348 978 καί
366 919 395 980 oi
411 919 445 979 ἐκ
461 927 511 994 τῆς
527 914 644 988 Ἰταλίας
662 922 761 996 ἰατροί
765 968 773 988 ,
796 924 953 980 Φιλιστίων
970 941 1002 979 τε
1018 924 1068 979 καὶ
1084 913 1273 991 Ἐμπεδοκλῆς
1289 921 1338 976 καί
1356 922 1431 976 Παυ-

175 1009 277 1074 σανίας
293 1010 343 1065 καί
361 1005 390 1064 ol
406 1003 519 1065 τούτων
537 1004 655 1079 έταῖροι.

279 1131 304 1181 4.
325 1125 426 1180 Amen.
443 1125 479 1181 de
494 1126 586 1182 anim
600 1125 632 1180 A
645 1129 669 1180 2.
686 1125 771 1180 iobii
799 1128 859 1182 τιῦν
884 1125 914 1183 δὲ
938 1124 1163 1197 φορτικωτέραν
1185 1126 1234 1180 καί
1257 1111 1334 1194 ύδωρ
1356 1122 1431 1188 τινές

177 1205 366 1284 ἀπεφήναντο
384 1208 520 1283 καθάπερ
530 1201 653 1269 Ἵππων·
672 1213 827 1282 πεισθῆναι
844 1202 872 1269 δ’
884 1208 1016 1268 ἐοίκασιν
1031 1206 1065 1266 ἐκ
1081 1213 1131 1281 τῆς
1142 1211 1230 1280 γονῆς
1249 1198 1294 1264 ότι
1311 1203 1430 1264 πόντων

175 1290 259 1370 ύγρό.
295 1300 346 1352 καί
367 1289 425 1367 γόιρ
446 1293 554 1368 ἐλέγχει
577 1289 661 1363 τοὺς
683 1290 771 1365 αἷμα
793 1290 1003 1366 φάσκοντας
1023 1292 1086 1366 τήν
1108 1289 1237 1364 ψυχήν,
1262 1283 1306 1348 ότι
1323 1287 1340 1360 ἦ
1357 1289 1429 1363 γονή

176 1374 229 1452 ούχ
248 1374 327 1449 αἷμα.
360 1379 545 1449 Empedoclis,
561 1397 618 1437 non
635 1381 795 1450 popularem
813 1379 950 1450 quandam
969 1378 1135 1449 opinionem,
1151 1376 1230 1446 tangi
1247 1374 1284 1432 ab
1300 1375 1431 1445 Hippone

175 1467 236 1522 veri
254 1465 344 1522 amin
359 1463 394 1520 ct
406 1459 537 1536 Hippon.
550 1466 810 1536 q.tdem0rb.1.eo
823 1464 982 1532 [moon]
1000 1459 1035 1521 τὸ
1054 1457 1124 1533 αἱμα
1142 1457 1177 1519 τὸ
1195 1459 1228 1519 ἐν
1244 1465 1297 1518 τοι
1314 1453 1430 1529 evapo-

176 1570 233 1608 πωι
251 1555 390 1606 πλεῖστον
406 1551 596 1624 ξυμβάλλεται
613 1552 703 1623 μέρος
721 1550 863 1615 συνέσιος·
882 1545 953 1607 ἔνιοι
970 1549 1001 1606 δέ
1017 1548 1131 1622 λέγουσι
1148 1542 1184 1603 τὸ
1202 1549 1269 1602 πᾶν.
1299 1544 1335 1599 (le
1352 1559 1430 1599 sacro

175 1635 274 1692 morbo
294 1639 324 1689 11
343 1634 393 1701 [VI
405 1638 454 1689 392
467 1635 508 1700 L.]
530 1636 643 1708 λέγουσι
660 1635 691 1692 δέ
707 1656 783 1703 τινες
800 1631 840 1701 ὡς
857 1635 1022 1707 φρονέομεν
1038 1637 1084 1705 τῆι
1100 1634 1211 1704 καρδίηι
1228 1633 1277 1686 καί
1294 1623 1329 1686 τὸ
1347 1621 1431 1686 όνιού·

175 1739 267 1790 μενον
290 1715 377 1777 τούτό
400 1717 461 1778 ἐστι
484 1723 533 1776 καί
555 1718 591 1778 τό
614 1722 785 1793 φροντίζον·
809 1715 844 1777 τό
868 1721 898 1777 δὲ
921 1713 973 1791 ούχ
996 1713 1088 1784 ούτως
1109 1713 1174 1788 ἔχει.
1210 1715 1282 1769 inter
1302 1713 1431 1782 aequales

176 1806 259 1862 etiam
276 1804 329 1860 Ion
346 1803 430 1862 Ohina
446 1805 623 1875 Empedoclis
645 1806 797 1861 doctrinan
817 1813 931 1876 tangere
949 1804 1072 1870 videtur,
1095 1804 1142 1872 qui
1160 1801 1226 1857 dum
1243 1798 1340 1868 incipit
1356 1789 1430 1869 σῖρχή

176 1889 206 1946 δέ
226 1909 278 1952 μοι
300 1892 353 1947 τοῦ
375 1881 476 1962 λόγου·
500 1887 595 1948 πάντα
617 1892 684 1962 τρία
707 1894 764 1947 καί
783 1883 924 1960 (οὐδέν)
951 1889 1059 1946 πλέον
1081 1881 1146 1945 ούδὲ
1167 1881 1296 1944 ἔλασσαν
1319 1878 1432 1940 τούτων

177 1977 235 2030 τοῖν
252 1978 349 2046 τριῶν.
380 1971 446 2040 ένός
464 1971 588 2032 ἑκάστου
605 1971 692 2048 ύρετῆ
710 1971 800 2046 τριάς.
819 1971 932 2040 σύνεσις
947 1977 997 2031 καὶ
1013 1969 1122 2046 κρότος
1138 1975 1188 2028 καί
1198 1967 1268 2042 τύχη
1279 1976 1308 2024 et
1317 1974 1432 2023 naturae

177 2059 311 2115 elementa
327 2065 386 2113 tam
397 2066 521 2114 recenset
532 2061 584 2116 hia
596 2064 661 2132 πῦρ,
679 2066 742 2132 γῆν,
758 2050 835 2132 ύδωρ
846 2059 964 2129 (Ρίιίίορ.
973 2058 1000 2113 d.
1011 2075 1074 2129 gen.
1083 2064 1189 2113 etcorr.
1199 2059 1258 2122 101,
1267 2058 1308 2108 17.
1319 2057 1379 2119 211,
1389 2055 1432 2117 12)

177 2145 384 2214 quaternionem
401 2143 482 2199 iatius
499 2144 613 2216 oblique
630 2145 830 2216 significaverit
845 2160 917 2200 voce
934 2144 1024 2202 πλέον
1040 2141 1086 2208 (of.
1096 2142 1177 2198 Isocr.
1189 2138 1273 2195 anath
1285 2142 1354 2205 288).

280 2284 304 2334 5.
323 2279 428 2335 Somno
437 2297 459 2334 e.
468 2296 496 2334 v.
515 2276 615 2352 Ζήνων
629 2279 845 2354 Τελευταγόρου
860 2271 990 2351 Ἐλεάτης
1007 2277 1171 2352 φιλόσοφος
1186 2276 1246 2330 τοῖν
1257 2270 1432 2347 ἐγγιζόντων

176 2360 349 2438 Πυθαγόραι
366 2367 415 2422 καί
429 2368 611 2438 Δημοκρίτιοι
629 2364 704 2423 κατό
723 2360 792 2431 τούς
806 2356 933 2438 χρόνους
948 2355 993 2436 (ήν
1004 2361 1061 2440 γὰρ
1072 2363 1119 2422 ἐπί
1131 2368 1181 2438 τῆς
1194 2363 1230 2435 σ“ῆ
1248 2351 1431 2430 όλυμπιόδος)

177 2451 299 2520 [lea-5]
316 2447 447 2522 μαθητής
468 2447 654 2521 Ξενοφάνους
670 2446 689 2522 ῆ
706 2452 896 2523 Παρμενίδου.
931 2444 1059 2524 ἔγραψεν
1072 2447 1195 2522 Ἐριδας,
1215 2443 1357 2519 Ἐξήγησιν
1373 2447 1433 2501 τῶν

172 2533 409 2605 Ἐμπεδοκλέους,
427 2531 509 2608 Πρός
526 2533 594 2601 τούς
611 2531 793 2607 φιλοσόφους
809 2540 875 2607 περὶ
892 2531 1014 2607 φύσεως.
1033 2568 1066 2577 -
1084 2532 1191 2594 τοῦτόν
1208 2553 1297 2607 φασιν
1314 2525 1432 2604 εύρετῆν

176 2616 248 2677 εἶναι
276 2624 325 2691 τῆς
350 2624 539 2691 διαλεκτικῆς,
568 2614 608 2686 cic
634 2615 825 2690 Ἐμπεδοκλέα
853 2625 903 2691 τῆς
929 2619 1089 2693 ῥητορικῆς·
1135 2628 1257 2675 extrema
1281 2633 1297 2672 e
1321 2616 1432 2671 Laertio

175 2705 218 2762 IX
227 2710 328 2777 λίνος.
340 2736 375 2747 -
387 2706 517 2778 Hesychii
535 2705 690 2775 catalogum
708 2705 839 2761 librorum
857 2707 1007 2773 genuinum
1019 2704 1113 2771 oredo;
1130 2698 1260 2776 ἐξήγησιν
1271 2702 1432 2757 commenia-

178 2790 253 2845 νήπια
270 2791 393 2847 cilicum
411 2790 546 2859 explicavi
563 2788 639 2845 Berl.
652 2789 720 2845 Sita.
735 2793 809 2857 1884,
822 2791 893 2844 359¹.
913 2793 987 2855 1888,
999 2790 1070 2844 408².

283 2933 307 2983 8.
324 2926 460 2982 Annam.
472 2924 591 2994 Metaph.
603 2926 634 2979 A
647 2931 670 2980 8.
690 2928 753 2979 884Ι
764 2928 793 2979 11
813 2918 1003 2996 Ἀναξαγόρας
1019 2923 1050 2981 δὲ
1068 2919 1085 2982 ό
1104 2924 1301 2994 Κλαζομένιος
1317 2924 1364 2993 τῆι
1379 2918 1433 2989 μέν

178 3007 285 3083 ήλικίαι
308 3005 454 3085 πρότερος
475 3004 519 3067 ιύν
541 3004 646 3067 τούτου
667 3009 868 3079 [Empedocle]‚
894 3017 957 3075 τοῖς
979 3002 1008 3066 δ’
1030 3004 1126 3081 ἔργοις
1148 3000 1269 3081 ύστερσς
1293 2998 1433 3076 α’πείρους

180 3093 254 3155 εῖνιιί
276 3116 344 3169 φησι
361 3096 414 3162 τὰς
431 3088 530 3167 α’ρχιίς.
565 3092 773 3165 Ἀπσπσροτσικ
791 3094 863 3165 qood
881 3094 949 3151 dicit
964 3094 1121 3150 Aristotelea
1137 3098 1225 3150 aetate
1237 3093 1361 3164 peiorem
1377 3106 1433 3146 enee

177 3180 342 3251 Empedocle
363 3189 425 3247 τοῖς
448 3172 475 3235 δ’
494 3174 590 3249 έργοις
611 3168 746 3253 ύστερον,
767 3180 839 3235 olai
862 3180 973 3250 paidom
991 3184 1111 3251 apparet
1125 3177 1161 3238 τὰ
1180 3175 1250 3252 ἔργα
1266 3178 1358 3249 ipeom
1375 3176 1433 3231 εἰπε

179 3282 234 3323 τετε
260 3265 413 3321 doctrinam
439 3268 466 3319 et
486 3262 697 3333 philosophiam
737 3264 785 3320 aed
809 3258 932 3337 ὕστερος
954 3265 1069 3321 damam
1091 3268 1133 3321 eat
1152 3268 1247 3319 atnam
1269 3263 1307 3319 οδ
1328 3266 1433 3331 λιττεραε

178 3350 353 3419 ντίααιδυπι
369 3348 408 3404 eit
424 3365 476 3417 qao
493 3348 535 3403 vel
551 3348 668 3419 coepe-it
681 3349 871 3420 philosophari
887 3349 930 3405 vel
942 3350 1049 3419 placito
1065 3367 1118 3405 οπο
1129 3349 1306 3420 propoaaerit
1318 3349 1433 3402 Απσσσ·

177 3452 266 3507 ρονσο,
286 3451 325 3489 απ
342 3434 380 3489 αδ
398 3432 537 3489 dochiooe
548 3434 746 3505 Απαασφονοστ
758 3434 920 3503 dipaltzten
937 3437 964 3490 et
980 3429 1183 3490 auctoritatem?
1219 3434 1318 3490 Bonita
1334 3446 1432 3487 comm.

178 3538 206 3592 p.
219 3524 261 3586 67,
280 3520 327 3589 qui
344 3520 457 3575 alteram
476 3519 685 3589 explicationem
704 3525 777 3575 recte
794 3518 885 3589 magia
901 3518 1100 3576 Aniatoteleam
1117 3519 1199 3573 dixit

282 3662 307 3711 ’1.
331 3656 496 3714 ammaus
513 3656 591 3729 phys.
609 3660 651 3722 25,
670 3658 701 3709 18
726 3670 742 3711 e
764 3654 948 3725 Theophrasti
968 3655 1053 3728 Phys„
1071 3654 1121 3725 Op.
1138 3655 1180 3721 [ir.
1193 3659 1217 3710 8.
1229 3659 1288 3720 411,
1301 3657 1331 3707 17
1349 3650 1432 3717 Doz]

179 3734 367 3812 Ἐμπεδοκλῆς
398 3737 413 3798 ό
440 3734 659 3814 Ἀκραγαντῖνος
689 3732 723 3797 σύ
751 3739 826 3797 πολύ
852 3736 979 3798 κατόπιν
1003 3744 1057 3797 τοῦ
1082 3732 1273 3812 Ἀναξαγόρου
1296 3730 1433 3809 γεγονός,

180 3829 362 3899 Παρμενίδου
387 3826 417 3885 ol
443 3823 569 3899 ζηλωτής
593 3827 643 3882 καί
669 3822 841 3895 πλησισστής
863 3828 912 3882 καί
935 3820 977 3881 έτι
998 3828 1111 3893 μᾶλλον
1132 3828 1193 3881 τῶν
1216 3823 1433 3895 Πυθαγορείων.

180 3910 214 3969 cf.
230 3912 262 3967 A
281 3917 295 3968 1
321 3913 337 3981 5
356 3916 396 3966 ol.
432 3912 512 3969 Sum.
526 3926 547 3965 a.
559 3926 588 3965 v.
608 3902 743 3981 Ἀρχύτας
765 3908 793 3962 in
816 3909 1005 3965 additamento
1025 3912 1131 3967 τοῦτον
1147 3912 1282 3979 φανερῶς
1298 3907 1433 3980 γενέσθαι

180 3990 352 4055 διδάσκαλον
367 3988 595 4066 Ἐμπεδοκλέους.
629 3993 748 4063 pertinet
764 3992 882 4050 fortasse
898 3993 935 4049 ad
951 3994 1158 4050 Alcmaeonem.

283 4118 308 4170 8.
325 4114 393 4172 Eos.
401 4114 434 4171 P.
443 4114 474 4170 E.
484 4114 512 4169 X
522 4118 563 4179 14,
574 4117 605 4167 15
624 4117 668 4178 [ex
686 4128 824 4185 anonymo
841 4110 1007 4182 biographo]
1023 4106 1183 4186 Τηλαύγους
1200 4111 1230 4168 δέ
1246 4104 1280 4167 Ἐ.
1292 4103 1434 4180 ύκοοστῆς

179 4192 402 4351 ἕετοαιηῶιηιηιθ
427 4192 463 4258 όν
484 4193 667 4273 Ἡράκλειτος
694 4194 710 4255 ό
739 4191 887 4263 σκοτεινὸς
912 4195 1086 4269 ἐγνωρίζετο
1109 4198 1137 4264 (ἰ.
1154 4213 1178 4253 e.
1196 4195 1238 4253 01.
1255 4199 1287 4251 68
1310 4193 1433 4261 [hol-1]

284 4407 308 4457 8.
326 4402 402 4458 lnam
415 4402 515 4459 Chaon.
528 4402 579 4458 sub
592 4402 628 4459 ol.
642 4406 710 4469 81,1
732 4400 802 4471 [486]
824 4394 859 4459 Ἐ.
881 4405 931 4459 καὶ
947 4402 1127 4473 Παρμενίδης
1143 4401 1259 4471 φυσικοὶ
1276 4393 1434 4470 φιλόσοφοι

180 4484 386 4559 ἐγνωρίζοντο.
430 4488 519 4545 Gau..
536 4486 618 4544 XVII
634 4492 677 4554 21,
698 4491 730 4541 14
757 4486 828 4552 [lert.
854 4502 889 4543 ex
915 4485 1031 4556 Nepotis
1056 4483 1304 4624 Chaonieiasstinter
1328 4480 1432 4539 cladem
