3500 5075
309 204 373 265 214
832 214 874 265 10.
893 210 1042 268 omns

310 371 401 444 σμοὺς
422 369 656 449 θνσχεραίνων’
637 380 748 449 αφήκεν
770 371 915 437 ούσίαν’
897 376 975 439 οκτιύ
998 380 1151 441 ταλάντων
1170 386 1221 441 καί
1246 386 1377 458 τρίβωνα
1398 389 1447 442 καί
1468 381 1567 456 πήραν

309 456 468 535 άναλαβιύν
485 460 526 526 είς
542 464 720 533 φιλοσοφίαν
737 468 787 523 καί
804 466 909 523 πενίαν
924 465 1094 540 κατέφυγεν.
1128 468 1171 525 1».
1185 468 1279 525 dean.
1291 475 1429 541 unqu
1444 486 1473 541 p.
1484 472 1568 527 mn

310 541 508 689 ιξετθέέλετὲήραν
524 540 599 617 ἔχων
615 551 665 605 καί
681 549 811 623 τρίβωνα
830 552 945 621 παίζων
960 555 1011 610 καί
1030 546 1166 625 γελων”
1139 572 1242 625 ωσπερ
1262 551 1296 612 ἐν
1312 551 1410 627 έορτῆι
1426 548 1482 615 τόν
1496 559 1569 627 βίον

415 732 621 800 1⁰.Inm.Qm
633 750 715 791 οοιιτ.
727 736 792 804 Π1,
804 742 821 792 6
841 754 869 809 ρ.
882 738 966 794 63111
986 732 1121 811 Κράτητα
1133 738 1207 798 δέ
1172 761 1227 799 τον
1238 736 1404 814 φιλόσοφον
1415 742 1457 810 είς
1467 762 1570 801 πασαν

311 813 540 876 οίκίανείσιοντα
548 840 622 889 μετα
631 840 711 893 τιμης
719 825 767 879 καί
776 820 990 897 φιλοφροσύνης
999 820 1176 897 όεχομένων
1180 820 1427 901 θυρεπανοίκτην
1433 824 1572 887 ἐκάλουν.

416 935 645 994 11.Ιστ.111τ.οτ.
663 942 679 993 6
701 956 728 1010 p.
746 942 826 997 20οΒ
847 940 975 1016 έντνχούν
996 944 1027 1004 δὲ
1050 948 1103 1003 τοῖι
1126 948 1277 1016 Χαιρωνεί
1296 944 1485 1045 Πλουτάρχωι
1511 946 1571 1006 τόν

313 1014 507 1094 Κράτητος’
473 1022 690 1107 αναγράψαντι
712 1029 781 1100 βίον
803 1021 874 1088 ούθέ
875 1049 893 1085 ν
860 1028 947 1088 zen
968 1030 1118 1104 παρέργου
1138 1036 1192 1089 τοῦ
1212 1027 1373 1101 μανθάνειν
1396 1028 1490 1105 δεήσει
1514 1030 1572 1091 τόν

311 1100 413 1175 ἄνδρα.
450 1108 536 1174 ούτος
551 1105 667 1181 ήγεμιύν
683 1109 796 1183 ἐγένετο
813 1110 923 1186 Ζήνωνι
940 1120 1000 1174 τῶν
1016 1120 1114 1174 καλῶν
1131 1114 1296 1189 δογμάτων·
1314 1117 1361 1174 ἐπί
1372 1116 1479 1177 τούτου
1495 1123 1571 1192 φασί

309 1189 383 1258 ,τούς
396 1184 534 1266 Ἓλληνας
556 1194 729 1269 ἐπιγράφειν
751 1208 814 1267 τοῖς
838 1198 949 1259 ἑαυτῶν
971 1199 1063 1270 οἴκοις
1083 1201 1132 1261 ἐπὶ
1152 1207 1213 1260 τῶν
1234 1206 1424 1278 προπυλαίων
1441 1197 1572 1271 ‘ervom

314 1272 440 1350 Κράτητι
461 1272 577 1352 άγαθῶι
597 1278 733 1353 Δαίμονιῖ
767 1282 925 1355 p.‘2o1B
910 1307 928 1344 ο
947 1290 981 1345 K.
999 1288 1029 1346 δέ
1045 1286 1230 1361 ἐόημοοίευσε
1246 1288 1302 1359 τήν
1324 1282 1425 1347 ούσίαν
1446 1284 1509 1347 εἶτα
1534 1288 1570 1347 τό

312 1367 397 1433 σῶμα
413 1369 533 1440 βλαβεὶς
550 1364 697 1427 έσκωπτεν
715 1368 820 1429 ἑαυτὸν
837 1369 926 1440 είς
895 1392 948 1445 την
963 1370 1115 1446 χωλότητα
1132 1378 1186 1432 τού
1203 1374 1323 1441 σκέλους
1338 1378 1388 1431 καί
1404 1372 1440 1432 τό
1459 1373 1572 1445 κυρτόν

311 1452 371 1505 τοῖν
388 1446 485 1519 ιύμων,
502 1450 659 1526 ἐπορεύετο
677 1455 708 1513 δέ
724 1454 818 1514 ἐπὶ
788 1477 841 1524 τας
857 1462 918 1515 τοῖν
934 1461 1028 1531 φίλων
1045 1456 1141 1527 έστίας
1159 1456 1282 1533 ἄκλητος
1292 1460 1476 1533 κεκλημένος,
1493 1464 1572 1517 έιαλ·

312 1530 429 1593 λάσσων
440 1533 508 1604 τοὺς
519 1536 717 1608 οἰκειοτάτους
728 1538 868 1614 α’λλήλοις.
886 1540 919 1601 εί
926 1562 1000 1602 ποτε
1011 1536 1223 1615 στασιάζοντας
1233 1542 1378 1613 αἴσθοιτο,
1396 1542 1521 1614 ἐπετίμα
1540 1547 1571 1604 δὲ

314 1612 349 1677 ού
365 1615 438 1690 μετά
456 1626 581 1697 πικρίας,
599 1618 672 1685 άλλόι
688 1624 762 1697 μετὰ
779 1624 909 1700 χάριτος,
927 1623 979 1702 σύγ
994 1625 1043 1686 ἵνα
1061 1640 1255 1700 συκοφαντεῖν
1273 1634 1355 1700 όσκηι
1365 1649 1435 1697 τους
1449 1650 1572 1703 σωφρο·

313 1705 464 1775 νισθέντας
481 1702 605 1780 ω’φελεῑν
621 1711 651 1769 δὲ
668 1708 831 1771 ἐθέλων’
794 1712 900 1781 αυτούς
916 1734 949 1773 τε
965 1712 1094 1781 ἐκείνους
1110 1719 1160 1772 καί
1172 1714 1242 1782 τούς
1258 1708 1430 1782 άκούοντοις.

419 1829 459 1881 11.
478 1826 866 1901 Omoe.cels.1141'000c
892 1834 921 1891 δέ
946 1838 995 1892 καί
1020 1830 1110 1902 ἄλλος
1132 1832 1226 1906 χορός
1251 1830 1381 1906 πενήτων
1405 1830 1468 1891 ἐστί
1494 1825 1569 1904 παρ’

306 1900 420 1983 Ἕλλησι
447 1912 708 1987 φιλοσοφησάντων
733 1922 782 1975 καί
808 1915 943 1977 ἑκούσιον
967 1921 1070 1978 πενίαν
1095 1912 1314 1987 άναοεξαμένων
1338 1921 1388 1976 καί
1414 1918 1443 1975 ολ
1465 1922 1572 1977 πολλοί

310 1990 452 2066 Ελλήνων
468 1996 565 2056 ἴσασιν
580 1998 614 2059 ἐκ
632 2006 691 2059 τῶν
708 1996 860 2077 άναγραφέ
862 2026 937 2063 ντων
949 2010 1015 2077 περί
1025 2006 1079 2076 μὲν
1088 2006 1272 2078 Δημοκρίτου
1282 2000 1451 2079 μηλόβοτον
1466 2001 1571 2062 ἐάσαν·

315 2100 367 2148 τος
384 2078 435 2155 τήν
453 2080 568 2153 ούοίαν,
585 2091 652 2158 περί
669 2090 699 2146 δὲ
719 2086 869 2163 Κράτητος
891 2089 996 2149 ἑαυτόν
1017 2087 1272 2162 ἐλευθερώσαντος
1292 2086 1338 2148 διὰ
1361 2095 1415 2148 τοῦ
1436 2100 1499 2157 τοῖς
1508 2094 1572 2195 θη·

314 2167 414 2268 βαίοις
440 2172 620 2241 χαρίσασθαι
649 2170 684 2231 τό
714 2168 786 2246 ύπέρ
815 2171 910 2249 πάσης
938 2180 988 2248 τῆς
1016 2172 1145 2249 κτήσεως
1172 2177 1334 2248 πραθείσης
1362 2176 1452 2234 δοθέν
1480 2174 1571 2234 αύτοῖι

316 2244 464 2327 άργύριον.

421 2360 461 2412 13.
483 2358 571 2415 Ρτπτ.
588 2360 623 2416 do
639 2362 723 2419 Alex.
739 2356 1026 2433 fortuspme‘
1013 2384 1030 2420 ο
1047 2353 1154 2433 μὲν
1118 2382 1171 2421 ουν
1190 2366 1224 2421 K.
1242 2359 1330 2420 πίθων
1344 2352 1571 2434 χρυσήνείκόνα

317 2436 430 2515 Φρύνης
447 2446 497 2515 τῆς
514 2440 631 2520 ἑταίρας
649 2444 780 2505 έστιύσαν
797 2446 829 2505 ἐν
847 2453 971 2520 Δελφοῖς
987 2441 1156 2521 άνέκραγεν,
1174 2440 1220 2504 ότι
1236 2451 1324 2504 τούτο
1342 2450 1393 2517 τῆς
1408 2449 1468 2503 τοῖν
1480 2440 1572 2515 Ἐλλή-

317 2547 377 2585 νων
399 2521 541 2600 άκρασίας
563 2526 707 2603 τρόπαιον
724 2528 825 2604 έστηκε
848 2532 936 2600 [stob.
953 2533 984 2589 11
995 2538 1026 2601 6,
1037 2533 1123 2598 1611]
1158 2532 1194 2589 de
1210 2530 1294 2605 1²56
1306 2548 1379 2590 οτιο.
1393 2537 1426 2588 11
1441 2548 1471 2603 ρ.
1480 2530 1571 2588 1111

317 2610 378 2672 ἐκεῖ
393 2615 507 2689 βλέψον
529 2613 591 2676 άνω
612 2623 661 2677 καί
685 2617 736 2692 τήν
756 2623 866 2692 χρυσῆν
889 2617 921 2677 ἐν
944 2629 1007 2685 τοῖς
1028 2627 1202 2691 στρατηγοῖς
1223 2622 1272 2676 καί
1294 2620 1444 2692 βασιλεῦσι
1465 2616 1571 2674 θέασαι

318 2695 543 2774 Μνησαρέτηνι
525 2723 560 2774 ην
578 2699 694 2776 Κράτης
711 2699 773 2762 είπε
790 2708 841 2777 τῆς
858 2708 918 2761 ταῖν
927 2700 1068 2775 Ἑλλήνων
1079 2696 1223 2775 άκρασίας
1234 2697 1408 2761 άνακεῑσθαι
1419 2699 1571 2774 τρόπαιον.

316 2777 439 2842 ίόούν
405 2805 457 2844 σου
474 2806 491 2843 ο
485 2783 622 2856 ’νεανίας
635 2783 702 2848 ‘elz‘
715 2808 750 2848 ου
742 2783 829 2859 ’περί
841 2787 962 2863 Φρύνης,
980 2785 1042 2863 ἔφη,
1053 2785 1134 2848 τοῦτ’
1147 2780 1183 2861 ήν
1194 2785 1346 2862 εἰρημένον
1357 2793 1408 2846 τω”ι
1421 2779 1571 2860 Πράτητιή

313 2864 392 2938 ινιτί,
410 2867 523 2930 εἶπεν
509 2895 525 2931 ο
546 2878 716 2948 Σεραπίων,
735 2873 956 2949 Μνησαρέτη
926 2897 982 2949 γαρ
1000 2873 1147 2941 ἐκαλεῖτο,
1170 2874 1222 2946 τήν
1239 2875 1270 2932 66
1288 2870 1401 2946 Φρύνην
1422 2870 1571 2946 ἐπίκλησιν

317 2950 384 3028 ἔσχε
403 2955 447 3015 έιόι
466 2954 517 3032 τήν
535 2955 705 3033 61066616’.
731 2962 809 3017 Am.
822 2961 894 3017 XIII
905 2961 984 3017 591ss
1003 2953 1090 3033 αύτής
1106 2959 1136 3018 δέ
1153 2963 1203 3031 τῆς
1216 2957 1329 3032 Φρύνης
1346 2957 1374 3017 οί
1391 2961 1573 3029 περικτίονες

318 3033 473 3114 άνόριάντα
496 3041 668 3115 ποιήσαντες
690 3039 728 3104 άν
728 3046 832 3119 έθηκεν
853 3043 886 3102 ἐν
903 3049 1028 3117 Δελφοῖς
1048 3041 1174 3117 χρύσεον
1196 3042 1243 3102 ἐπὶ
1264 3047 1365 3108 κίονος
1388 3046 1572 3102 Πεντελικοῦ·

319 3127 513 3186 κατεσκεύασε
530 3123 559 3186 6'
577 3124 667 3189 αύτόν
685 3131 865 3204 Πραξιτέλης.
902 3124 939 3188 όν
955 3134 1004 3188 καλ
1026 3126 1210 3200 θεασάμενος
1230 3131 1265 3186 K.
1284 3125 1301 3186 6
1318 3125 1434 3195 κυνικός
1451 3124 1506 3200 ἔφη
1522 3131 1573 3200 τῆς

319 3215 380 3269 τῶν
392 3207 531 3285 Ἑλλήνων
548 3208 691 3289 α’κρασίας
708 3211 852 3289 άνάθημα.

425 3335 464 3389 11.
482 3334 837 3407 Ριοτ.οοα1ιις.ρτιιεα16
854 3328 1120 3408 ρ.111Ε(κόσμος
1136 3332 1193 3408 γάρ
1210 3328 1301 3392 ἐστιν’
1319 3327 1360 3401 ὡς
1376 3328 1456 3406 ἔλεγε
1475 3336 1509 3391 K.
1523 3329 1572 3390 ‘16

319 3411 475 3488 κοσμούν’·
493 3431 601 3491 κοσμεῖ
615 3423 644 3479 δὲ
661 3420 697 3480 τό
716 3421 919 3494 κοσμιωτέραν
935 3429 1056 3492 γυναῖκα
1074 3424 1187 3477 ποιοῦν.
1210 3419 1298 3485 [Stob.
1309 3419 1371 3475 flor.
1383 3425 1427 3484 71,
1438 3422 1481 3484 18]
1517 3418 1573 3474 for·

322 3508 395 3559 tasso
411 3502 465 3560 hoe
482 3523 576 3562 ansam
594 3507 672 3564 dedit
688 3507 913 3579 epistolographo
927 3506 1045 3562 Oraoefis
1062 3509 1134 3576 καθ
1150 3521 1177 3574 ρ.
1190 3509 1240 3559 209
1252 3503 1352 3560 Horeb.
1369 3501 1438 3559 hm
1454 3502 1572 3558 ludenti:

322 3591 450 3646 Μνασοῑ.
485 3586 523 3662 μή
541 3585 652 3664 άπέχον
669 3597 722 3651 τού
732 3595 890 3651 καλλίστου
900 3582 1023 3660 κόσμου,
1040 3583 1113 3649 άλλὰ
1130 3586 1233 3660 κόσμει
1251 3584 1360 3660 σαυτήν
1371 3584 1492 3660 ἑκάστης
1508 3581 1573 3661 ήμέ·

321 3694 383 3744 ρας,
400 3671 449 3734 ἵνα
469 3677 644 3750 διαφέρουσα
662 3671 714 3751 ήις.
749 3675 937 3744 κάλλιστος
959 3677 995 3735 δέ
1011 3674 1149 3747 κόσμος
1170 3674 1268 3733 ἐστίν
1287 3668 1304 3730 6
1321 3674 1499 3731 κάλλιστα
1515 3692 1574 3730 κο·

322 3764 432 3829 σμῶν,
456 3760 631 3822 κάλλιστα
659 3765 693 3822 66
716 3757 879 3835 κοσμείό
898 3758 1145 3834 κοσμιωτάτην
1170 3763 1294 3824 πσιιύν,
1316 3755 1518 3832 κοσμιωτάτην
1544 3758 1575 3816 δέ

322 3853 402 3903 ποιεῖ
416 3843 583 3920 κοσμιότης,
600 3838 628 3920 ήι
645 3869 697 3942 μοι
714 3853 832 3908 δοκοῦσι
847 3841 929 3906 καί
914 3871 931 3921 η
951 3842 1102 3920 Πηνελόπη
1118 3839 1198 3902 καί
1184 3868 1202 3917 η
1215 3841 1360 3915 ’1ίκηοτις
1376 3847 1575 3916 κεκοσμῆσθαι

322 3933 371 3988 καί
389 3925 431 3989 ἔτι
447 3936 497 3990 καὶ
515 3936 566 3990 νῦν
582 3926 633 3992 έπ’
656 3927 756 4005 άρεττι
777 3928 931 4004 ύμνεῑσθαι
950 3935 1002 3990 καί
1023 3935 1170 4002 τιμᾶσθαι.
1203 3923 1246 3986 ἵν’
1271 3919 1324 3987 ούν
1339 3932 1389 3986 καί
1406 3925 1441 3987 σύ
1458 3927 1575 3995 ταύταις

322 3995 525 4085 ένᾶμῑλέῦςέ
492 4039 511 4091 y
526 4038 578 4091 νηί,
595 4039 686 4092 πειρω
705 4016 818 4078 τούτων
835 4011 1010 4091 άντέχεσθαι
1026 4021 1086 4074 τιύν
1097 4014 1345 4086 παραινουμένων.

427 4124 466 4176 15.
484 4119 585 4177 emo.
602 4137 645 4191 ep.
658 4122 726 4190 10,1
747 4119 848 4188 Ονπίιε,
866 4119 995 4185 κίαλνπί,
1014 4117 1123 4174 λαίαν
1111 4114 1201 4187 τριίιιο
1218 4115 1351 4171 Stilbonis
1361 4115 1480 4183 σκόλλυν,
1498 4114 1576 4170 m

322 4202 486 4260 mentiomm
501 4205 594 4275 priore
611 4205 730 4277 τρίεπιλα
745 4205 805 4276 βοαί,
825 4221 887 4261 ανον
902 4203 1016 4259 υίόίοεοί
1026 4201 1258 4258 σίαίουοτνιίκίποι
1274 4203 1372 4256 emto
1389 4198 1577 4256 σπόκίοπίενκ

322 4287 506 4360 intervomit,
526 4290 593 4361 quid
609 4291 666 4346 ίίίίσ
682 4291 757 4348 solun
766 4290 887 4360 faceret?
916 4285 1044 4357 ιυτοοιιτπ,
1061 4287 1159 4357 inquit,
1179 4279 1295 4357 ίοητιον’.
1328 4284 1373 4341 aa
1385 4283 1480 4340 θετέον
1493 4277 1575 4352 ςσανα,

322 4373 420 4442 inquit,
438 4391 509 4446 τορο,
529 4379 557 4430 et
572 4374 715 4446 ιίίλίραπίετ
731 4374 854 4431 ame:
870 4390 933 4430 cum
948 4373 1056 4429 ίιονολπα
1072 4372 1146 4429 ποίο
1164 4364 1304 4441 ίσηκονίοῖ
