3500 5075
371 304 590 362 DochmAE
609 309 710 362 81-86
729 303 922 372 [ΤΗΕΟΡΗΒ.
933 307 969 362 D.
982 308 1079 366 SENS.
1094 315 1116 364 1.
1129 315 1153 365 2.
1165 316 1190 366 1.
1203 315 1229 376 8]
1394 314 1435 373 99

184 475 213 534 a!
230 470 345 548 ῆμιόνοι
363 483 482 546 στεῖραι.
514 468 550 533 Ἑ.
571 475 603 542 [ί]
622 471 666 534 διά
683 473 735 547 τῆν
747 470 925 549 σμικρότητα
941 481 990 534 καί
1001 474 1194 553 ταπεινότητα
1211 485 1260 539 καί
1278 479 1435 553 στενότητα

183 565 233 634 τῆς
249 556 361 634 μήτρας
375 559 637 631 κατεστραμμένως
653 563 891 632 προσπεφυκυίας
912 565 958 634 τῆι
979 569 1083 635 γαστρί
1104 560 1175 637 μήτε
1199 571 1253 626 τοῦ
1270 567 1437 637 σπέρματος

183 641 416 720 εόθυβολοῦντος
433 646 474 712 είς
491 638 580 718 αότῆν
596 642 676 718 μήτε,
693 647 721 704 εί
735 649 786 703 καί
802 640 953 718 φθάσειεν,
970 640 1057 720 αάτῆς
1073 646 1268 725 ἐκδεχομένης.

286 770 328 822 88.
345 765 420 821 Art.
432 763 459 822 V
470 769 539 832 21‚1
560 763 605 834 [D.
617 769 677 832 433]
694 761 727 822 ἐν
738 761 834 822 πόσωι
849 760 960 836 χρόνωι
970 769 1136 839 μορφοῦται
1147 766 1183 827 τά
1201 772 1273 838 ζῶια
1290 767 1323 827 ἐν
1333 775 1437 843 γαστρί

145 853 161 904 δ
183 848 263 910 όντα.
296 843 332 909 'D
349 847 397 908 ἐπὶ
412 849 466 920 μὲν
483 853 543 908 τῶν
566 843 733 921 άνθρώπων
756 846 899 922 άρχεσθαι
919 853 970 923 τῆς
987 849 1191 922 διαρθρώσεως
1212 846 1272 913 άπό
1290 850 1371 928 ἕκτης
1387 861 1437 912 καὶ

182 941 362 1010 τριακοστῆς,
373 939 556 994 τελειοῦσθαι
568 937 598 993 δὲ
609 944 673 1003 τοῖς
683 937 799 1006 μορίοις
811 929 871 992 άπό
884 940 1078 1008 πεντηκοστῆς
1087 941 1155 1008 μιᾶς
1167 938 1284 1012 δεούσης
1295 939 1339 1006 (οῖ.
1348 957 1376 995 ια
1384 944 1436 1008 81).

181 1021 335 1079 Οπιοεετυε
351 1037 387 1078 ex
397 1021 546 1078 Athenaeo
559 1021 602 1077 111
613 1026 655 1089 18,
670 1025 702 1076 18
716 1020 837 1086 [Diocles
847 1020 882 1074 fr.
895 1023 954 1086 111]
965 1025 1032 1092 περί
1043 1023 1074 1080 δὲ
1085 1021 1137 1089 τάς
1148 1023 1292 1095 τέσσαρας
1301 1018 1438 1091 ἐννεάδος

182 1101 288 1178 όρᾶται
298 1111 418 1178 πρῶτον
429 1105 645 1177 διακεκριμένον
657 1101 727 1165 όλσν
744 1104 779 1167 τό
793 1109 877 1174 σῶμα
889 1101 907 1160 ό.
924 1103 958 1162 τό
971 1113 1137 1166 τελευταῖον
1147 1111 1216 1178 μιᾶς
1226 1110 1438 1182 προστεθείσης

185 1189 321 1262 τετράδος
338 1195 405 1263 περὶ
422 1189 473 1266 τῆν
485 1190 748 1262 τεσσαρακοντάδα.
785 1199 933 1264 συμφωνεῖ
948 1191 979 1250 δὲ
995 1199 1058 1259 τοϊς
1074 1189 1195 1264 χρόνοις
1211 1196 1262 1263 τῆς
1278 1197 1439 1262 παντελοῦς

132 1282 161 1333 10
183 1281 241 1335 τῶν
258 1273 392 1350 ἐμβρύων
403 1279 572 1348 διακρίσεως
585 1280 634 1334 καί
652 1271 669 1333 ό
682 1271 803 1348 φυσικός
818 1268 854 1333 ’E-
871 1279 921 1332 καὶ
931 1279 1026 1349 φησίν,
1044 1271 1090 1335 ότι
1101 1281 1216 1337 θᾶσσον
1227 1282 1437 1352 διαμορφοῦται

184 1360 218 1420 τό
238 1357 328 1433 όρρεν
344 1365 398 1420 τοῦ
415 1359 520 1434 θήλεος
536 1364 586 1418 καί
608 1359 643 1420 τά
661 1357 694 1417 ἐν
712 1369 774 1428 τοῖς
795 1365 898 1427 δεξιοῖς
914 1365 974 1418 τῶν
990 1359 1022 1419 ἐν
1045 1369 1107 1430 τοῖς
1129 1355 1292 1434 εύωνύμοις.
1328 1363 1436 1420 cmo*

182 1465 242 1503 nm.
255 1451 308 1515 1,δ
325 1447 440 1518 septimo
451 1461 542 1502 οιαιεσ
554 1463 656 1516 parere
673 1446 814 1501 mulierem
828 1459 909 1515 ροοεσ
923 1446 1042 1516 plurimi
1058 1447 1212 1516 αδγλταιαπῖ
1227 1451 1277 1504 αλ.
1290 1489 1317 1504 ..
1334 1447 1436 1520 Empe·

183 1532 277 1600 τίοοίοε,
293 1531 433 1604 Ερίρτιιοο
449 1529 582 1600 multique
594 1533 747 1600 ρνασῖτεσο.

285 1654 327 1706 81.
346 1650 499 1707 Οπτιεοιιια.
511 1655 537 1716 8,
550 1654 563 1704 1
581 1648 625 1717 E„
645 1665 724 1718 quom
739 1648 771 1703 ιἰι
788 1649 836 1705 ίιοο
847 1650 1005 1708 Αιόεῖοίσίσε
1021 1653 1128 1706 exutus
1144 1654 1191 1717 ωδ,
1208 1654 1273 1706 σιτία
1285 1650 1379 1707 omnia
1391 1666 1437 1705 σον

133 1742 162 1792 15
182 1735 317 1792 ιάιίίοαυίλ
331 1735 482 1804 increscere,
502 1734 574 1805 ουοδ
590 1733 710 1790 hominis
726 1735 813 1790 vitam
830 1734 953 1790 ιαααύνισ
969 1735 1114 1791 contineat.

286 1859 328 1910 85.
344 1857 415 1910 Am.
432 1855 539 1920 V24,2
558 1853 603 1920 [D.
615 1859 675 1920 435]
692 1846 729 1912 'E-
742 1851 796 1911 τόν
807 1852 861 1922 μὲν
877 1845 970 1912 ῦπνσν
980 1852 1140 1926 καταψύξει
1157 1857 1211 1911 τοῦ
1227 1851 1260 1912 ἐν
1276 1857 1329 1911 τῶι
1340 1850 1436 1924 αἵματι

183 1945 295 2013 θερμοῦ
313 1939 475 2010 συμμέτρωι
497 1941 638 2012 γίνεσθαι,
661 1943 705 2010 τῆι
722 1939 752 1997 δὲ
774 1944 911 1997 παντελεῖ
930 1935 1070 1997 θάνατον.
1104 1931 1364 2008 θθ,1[1).481]Ἑ.
1384 1935 1436 1995 τόν

184 2024 316 2086 θάνατον
332 2029 483 2100 γίγνεσθαι
505 2027 700 2094 διαχωρισμῶι
723 2027 776 2082 τοῦ
793 2015 943 2095 πυρώδους
964 2027 1031 2093 (καί
1048 2017 1194 2096 ἀερώδους
1210 2028 1260 2081 καί
1275 2018 1437 2089 ὑδατώδους

183 2117 232 2170 καὶ
249 2107 393 2185 γεώδους)
409 2109 441 2176 ἐξ
456 2099 533 2182 ώνῆ
555 2103 699 2181 σύγκρισις
715 2111 768 2164 τῶι
785 2101 946 2181 άνθρώπωι
964 2105 1139 2181 συνεστάθη·
1163 2103 1239 2167 ώστε
1255 2104 1331 2166 κατά
1348 2111 1436 2166 τοῦτο

132 2199 162 2252 λθ
182 2194 285 2256 κοινόν
302 2191 376 2254 εἶναι
392 2191 446 2252 τόν
461 2193 594 2252 θάνατον
611 2188 745 2263 σώματος
761 2196 811 2249 καί
823 2198 926 2266 ψυχῆς·
943 2189 1035 2251 ῦπνον
1052 2193 1083 2250 δὲ
1093 2196 1227 2267 γίνεσθαι
1244 2193 1436 2264 διαχωρισμῶι

184 2287 236 2341 τοῦ
253 2278 412 2350 πυρώδους.

717 2497 901 2555 Ποτιτίων.

287 2608 329 2660 86.
346 2602 548 2659 Τπυοοππιετ.
561 2600 597 2656 de
609 2616 691 2657 sensu
710 2605 790 2671 lsqq.
811 2599 995 2671 [Β.1θθεαο.]
1014 2601 1192 2673 Παρμενίδης
1203 2599 1257 2669 μὲν
1268 2604 1317 2656 καὶ
1334 2594 1370 2657 Ἐ.
1388 2604 1437 2657 καί

185 2688 308 2753 Πλάτων
333 2692 387 2745 τῶι
409 2681 514 2756 όμοίωι
538 2690 583 2751 [τε.
606 2688 723 2741 ποιοῦσι
746 2680 798 2755 τῆν
815 2681 969 2755 αἴσθησιν1,
992 2685 1021 2742 σί
1043 2685 1074 2743 δὲ
1095 2687 1163 2755 περί
1180 2676 1372 2756 Ἀναξαγόραν
1387 2687 1437 2742 καί
1473 2682 1484 2732 1

132 2794 162 2844 15
179 2774 364 2851 Ἡράκλειτον
386 2776 438 2831 τῶι
459 2769 611 2830 ἐναντίαι.
629 2810 636 2824 .
653 2814 659 2827 .
676 2771 742 2839 περί
765 2764 886 2843 ἑκάστης
903 2770 934 2827 δέ
951 2773 1010 2827 τῶν
1026 2764 1100 2827 κατά
1123 2769 1212 2841 μέρος
1229 2766 1258 2825 σί
1279 2768 1333 2837 μὲν
1354 2764 1437 2826 άλλοι
1472 2766 1488 2815 ²

185 2858 290 2936 σχεδὸν
307 2854 523 2923 άπολείπουσιν,
543 2849 581 2913 Ἔ.
599 2855 630 2913 δὲ
652 2858 785 2927 πειρᾶται
808 2856 858 2912 καί
875 2850 984 2920 ταύτας
1000 2847 1119 2928 άνάγειν
1141 2854 1182 2920 είς
1199 2852 1251 2925 τῆν
1269 2847 1436 2925 ὁμοιότητα.

286 2944 332 3012 [D.
345 2948 404 3010 500]
419 2936 455 3000 ’ίλ
474 2942 505 3000 δὲ
521 2944 588 3011 περὶ
606 2934 730 2998 άπασῶν
748 2934 859 3008 όμοίως
876 2938 951 3012 λέγει
968 2941 1019 2997 καί
1035 2958 1104 3012 φησι
1121 2940 1175 2995 τῶι
1191 2934 1380 3009 ἐναρμόττειν
1396 2939 1437 3004 εἰς
1472 2935 1487 2983 7

185 3030 252 3100 τοῦς
264 3028 376 3103 πόρους
392 3025 461 3094 τοῦς
473 3021 595 3098 ἑκάστης
607 3020 812 3083 αἰσθάνεσθαι·
830 3018 877 3081 διό
895 3028 944 3081 καί
962 3015 997 3081 ού
1008 3020 1158 3089 δύνασθαι,
1175 3019 1211 3080 τά
1230 3014 1361 3095 άλλῆλων
1376 3025 1438 3097 κρί-

186 3139 253 3185 νειν,
277 3110 400 3175 ὅτιτῶν
423 3112 477 3182 μὲν
499 3104 648 3183 εόρύεεροί
670 3128 741 3179 πως,
764 3111 824 3165 τῶν
846 3108 877 3166 δὲ
901 3105 1074 3180 στενώτεροι
1094 3103 1286 3180 τυγχάνουσιν
1303 3107 1331 3166 οἱ
1348 3103 1438 3180 πόροι

134 3218 164 3270 30
186 3201 261 3273 πρός
278 3199 314 3258 τό
335 3194 483 3271 αἰσθητόν,
501 3191 541 3263 ῶς
558 3193 594 3255 τά
613 3194 667 3265 μὲν
684 3186 736 3265 ούχ
754 3188 909 3263 άπτόμενα
926 3198 1083 3252 διευτονεῖν
1103 3191 1139 3251 τά
1158 3185 1186 3248 δ’
1205 3186 1280 3259 όλως
1297 3192 1439 3252 εἰσελθεῖν

186 3281 220 3347 ού
232 3283 380 3345 δύνασθαι.
409 3284 543 3356 πειρᾶται
560 3280 590 3338 δὲ
607 3283 656 3336 καί
674 3276 726 3349 τῆν
744 3273 815 3351 όψιν
826 3278 928 3352 λέγειν,
945 3282 1018 3336 ποία
1029 3280 1074 3344 τίς
1090 3275 1166 3335 ἐστι·
1184 3279 1233 3333 καί
1245 3282 1314 3349 φησί
1330 3276 1366 3335 τό
1384 3278 1438 3347 μὲν

185 3371 269 3439 ἐντός
286 3363 372 3441 αύτῆς
383 3363 456 3426 εἶναι
473 3370 531 3437 πῦρ
548 3364 592 3432 [οδ.
609 3364 642 3419 fr.
656 3367 697 3418 81.
709 3366 761 3430 85],
779 3358 815 3419 τὸ
833 3364 864 3421 δὲ
875 3366 943 3438 περί
960 3357 1032 3422 αύτό
1051 3362 1117 3430 [scil.
1130 3362 1165 3420 τό
1176 3362 1244 3431 πῦρ]
1261 3354 1356 3432 (ῦδωρ
1371 3362 1438 3429 καί)

184 3457 302 3531 γῆνκαὶ
325 3449 397 3527 άέρα
416 3445 454 3509 δι’
472 3442 514 3507 τόν
537 3448 635 3507 διιέναι
652 3446 761 3505 λεπτόν
783 3443 819 3504 όν
839 3449 977 3522 καθάπερ
999 3444 1034 3507 τό
1053 3447 1166 3514 ἐντοῖς
1187 3449 1350 3517 λαμπτῆρσι
1367 3448 1437 3516 φῶς.

185 3540 254 3608 τούς
269 3540 300 3599 θίε
312 3536 422 3611 πόρους
433 3534 557 3601 ἐναλλάξ
566 3538 680 3592 κεῖσθαι
698 3537 751 3591 τοῦ
767 3552 800 3589 τε
811 3533 905 3608 πυρός
922 3538 971 3591 καί
988 3539 1041 3594 τοῦ
1051 3524 1165 3599 ύδατος,
1183 3520 1225 3586 ών
1242 3537 1305 3595 τοῖς
1315 3530 1369 3599 μὲν
1385 3532 1439 3587 τοῦ

133 3644 163 3694 35
184 3624 278 3699 πυρός
294 3623 330 3683 τά
344 3618 438 3689 λευκά,
456 3628 518 3687 τοῖς
530 3619 560 3678 δε
572 3623 625 3677 τοῦ
634 3608 740 3685 ύδατος
750 3616 786 3676 τά
799 3618 910 3688 μέλανα
921 3621 1085 3691 γνωρίζειν·
1103 3610 1293 3689 ἐναρμόττειν
1304 3610 1363 3686 γάρ
1374 3608 1437 3670 ἑκα-

186 3712 280 3787 τέροις
298 3707 431 3780 ἑκάτερα.
466 3706 607 3779 φέρεσθαι
625 3704 655 3765 δὲ
672 3704 708 3763 τά
725 3700 867 3776 χρώματα
889 3698 966 3774 πρὸς
983 3702 1035 3775 τῆν
1053 3698 1123 3774 ὄφιν
1140 3694 1185 3757 διὰ
1208 3697 1260 3770 τὴν
1277 3692 1438 3770 άπορροῆν.

288 3797 456 3868 συγκεῖσθαι
479 3783 508 3848 δ’
526 3784 579 3861 ούχ
604 3782 721 3860 όμσίως,
741 3781 828 3859 (άλλά
848 3785 902 3853 τάς
922 3787 975 3856 μὲν
996 3786 1030 3844 ἐκ
1052 3790 1111 3843 τῶν
1129 3779 1268 3854 όμοίων),
1290 3782 1342 3849 τάς
1359 3778 1385 3839 δ’
1403 3780 1438 3840 ἐκ
1472 3782 1487 3831 8

186 3887 245 3939 τῶν
262 3876 474 3950 ἀντικειμένων,
492 3878 541 3933 καὶ
558 3882 623 3940 ταῖς
638 3873 692 3943 μὲν
708 3870 851 3943 ἐνμέσωι,
869 3881 933 3937 ταῖς
949 3865 978 3929 δ’
995 3866 1080 3937 ἐκτὸς
1092 3864 1166 3928 είναι
1183 3862 1218 3925 τὸ
1236 3872 1307 3940 πῦρ·
1326 3862 1370 3924 διὸ
1388 3870 1437 3923 καί

186 3970 246 4025 τῶν
263 3962 357 4037 ζώιων
374 3960 409 4021 τά
428 3961 481 4029 μὲν
497 3957 529 4017 ἐν
546 3954 650 4030 ῆμέραι
667 3952 702 4016 τά
720 3957 750 4015 δὲ
768 3952 882 4031 νύκτωρ
898 3960 1011 4026 μᾶλλον
1028 3949 1183 4023 όξυωπετν·
1202 3942 1258 4010 όσα
1274 3954 1328 4022 μὲν
1345 3950 1438 4024 πυρός

135 4063 164 4114 111
186 4047 306 4111 ἔλαττον
325 4046 391 4121 ἔχει,
407 4038 480 4117 μεθ’
501 4039 624 4117 ἡμέραν·
646 4040 856 4100 ἐπανισοῦσθαι
874 4038 933 4115 γάρ
954 4034 1053 4107 αύτοῖς
1075 4035 1110 4097 τὸ
1128 4035 1212 4103 ἐντός
1229 4042 1292 4109 φῶς
1308 4032 1367 4095 ύπό
1385 4039 1438 4094 τοῦ

186 4132 282 4202 ἐκτός·
301 4126 358 4192 όσοι
376 4132 406 4189 δὲ
424 4134 477 4189 τοῦ
493 4128 626 4187 ἐναντίου
638 4126 761 4201 νύκτωρ·
780 4124 1058 4200 ἐπαναπληροῦσθαι
1074 4122 1133 4197 γάρ
1149 4124 1199 4179 καί
1210 4118 1325 4188 τούτοις
1340 4116 1376 4178 τό
1394 4119 1437 4179 ἐν·

187 4220 254 4287 δεές
290 4218 323 4276 ἐν
339 4218 369 4276 δὲ
386 4225 448 4283 τοῖς
459 4213 601 4280 ἐναντίοις
618 4210 791 4283 (ἐναντίως)
808 4207 957 4281 ἑκάτερον.
986 4202 1173 4283 άμβλνωπεῖν
1189 4204 1311 4279 μὲνγὰρ
1328 4207 1377 4261 καί
1395 4199 1439 4270 οίς

186 4301 318 4377 ῦπερέχει
335 4299 370 4361 τὸ
388 4305 458 4374 πῦρ·
475 4298 636 4372 ἐπαυξηθὲν
652 4296 744 4370 (γάρ)
760 4294 802 4355 ἔτι
819 4289 891 4365 μεθ’
901 4290 1013 4367 ἡμέραν
1028 4288 1214 4352 ἐπιπλόττειν
1229 4294 1278 4348 καί
1293 4294 1439 4359 καταλαμ·

186 4387 287 4464 βάνειν
300 4388 368 4455 τούς
385 4389 438 4444 τοῦ
449 4376 552 4451 ύδατος
564 4382 687 4456 πόρους·
706 4374 750 4447 οίς
761 4380 791 4438 δὲ
809 4375 843 4439 τό
857 4370 943 4453 ῦδωρ,
960 4372 1051 4438 τοῦτό
1064 4381 1152 4435 τοῦτο
1165 4379 1298 4449 γίνεσθαι
1310 4370 1437 4446 νύκτωρ·

135 4488 164 4539 45
185 4468 462 4546 καταλαμβάνεσθαι
480 4466 537 4542 γὰρ
555 4464 590 4525 τὸ
610 4471 667 4538 πῦρ
684 4460 741 4525 ύπό
760 4468 812 4523 τοῦ
824 4456 937 4532 ύδατος.
971 4467 1138 4540 (γίγνεσθαι
1155 4463 1186 4519 δε
1197 4461 1313 4531 ταῦτα),
1329 4456 1385 4525 ἕως
1402 4454 1439 4516 άν

1200 4547 1235 4601 7*
