3500 5075
357 301 397 355 Vl
875 302 1097 359 PRAEFATIO

357 476 497 540 condenti
518 474 591 537 milri
612 473 772 536 iucundum
794 474 851 536 fuit
871 496 907 537 ac
927 496 1023 556 paene
1044 478 1250 540 necessarium.
1293 479 1481 561 splendidam
1495 483 1614 565 quidem

357 579 467 660 ingenii
489 576 666 657 felicitatem,
688 596 748 658 qua
769 576 820 638 ille
841 578 872 638 in
894 577 1019 641 (laminis
1040 578 1232 643 emendandis
1254 602 1343 663 saepe
1363 604 1437 647 usus
1458 593 1511 661 est,
1527 606 1614 651 nemo
1733 647 1734 664 ,

360 702 454 744 sanus
493 678 635 742 imitando
673 699 704 741 se
744 679 861 761 assequi
886 701 975 759 posse
1007 682 1184 763 opinabitur.
1226 694 1258 747 at
1287 686 1410 750 ration‘u
1431 689 1614 753 severitatem
1733 743 1734 746 ,

358 805 448 868 quam
476 783 514 846 ed
544 791 634 844 testes
663 780 846 863 colligendos
872 782 1054 847 ordinandos
1080 786 1296 880 examinandos
1318 788 1453 853 adhibuit
1473 800 1504 853 et
1525 814 1615 875 quam

357 890 420 969 ipse
441 888 565 967 primam
586 883 653 946 libri
674 885 722 947 sui
743 886 881 949 virtutem
903 888 1005 949 merito
1025 888 1212 969 praedicavit.
1228 890 1306 953 hanc
1320 913 1390 955 vero
1404 913 1459 973 par
1472 904 1519 956 est
1532 897 1615 976 sequi

357 1010 424 1052 eum
451 989 501 1070 qui
524 995 617 1068 optet,
640 996 674 1048 ut
695 1007 771 1067 opus
793 987 979 1051 faustissimis
1001 991 1138 1072 auspiciis
1159 993 1369 1074 inauguratum
1391 1015 1454 1057 non
1475 996 1616 1060 deteriore

357 1091 418 1153 tela
449 1091 640 1153 continuetur
666 1110 701 1152 ac
728 1100 906 1172 perterretur.
950 1092 982 1153 in
1010 1092 1067 1154 hoc
1088 1093 1176 1173 igitur
1196 1095 1315 1159 editoris
1336 1098 1473 1179 primario
1494 1120 1615 1163 munere
1734 1117 1735 1128 ²

357 1193 396 1256 ad
421 1194 505 1255 amici
533 1194 684 1273 exemplar
712 1214 758 1255 me
786 1193 913 1255 libenter
939 1194 1129 1259 accomodari
1151 1196 1249 1274 (volui
1270 1202 1364 1277 certe)
1386 1222 1442 1264 nec
1463 1203 1562 1267 minus
1583 1205 1614 1265 in

357 1295 477 1358 minutis
498 1295 562 1359 istis
583 1297 680 1371 rebus,
701 1296 753 1359 ubi
774 1296 920 1377 principia
940 1297 1002 1359 sive
1028 1297 1185 1378 probanda
1205 1310 1278 1362 sunt
1298 1302 1361 1366 sive
1381 1323 1445 1366 non
1459 1304 1617 1385 probanda

357 1420 421 1460 non
443 1397 564 1474 deseret,
586 1399 644 1462 nisi
666 1400 716 1481 qui
738 1418 824 1461 suam
845 1398 901 1460 sibi
921 1397 1077 1479 gloriolam
1099 1401 1240 1481 aucupari
1261 1403 1353 1467 malit

444 1503 502 1565 fuit
529 1512 645 1579 tamen,
674 1501 725 1565 ubi
753 1523 772 1565 a
799 1510 932 1583 spectato
959 1503 1096 1581 exemplo
1123 1504 1190 1586 ipsa
1218 1507 1289 1570 novi
1318 1508 1413 1587 operis
1435 1509 1615 1589 proprietate
1735 1549 1736 1564 ι

357 1628 508 1673 revocarer
534 1608 654 1670 invitus.
698 1604 781 1669 velut
805 1624 958 1685 coeperam
979 1606 1042 1668 eius
1063 1626 1143 1668 more
1164 1607 1330 1689 fragmenta
1351 1609 1494 1673 instruere
1514 1612 1614 1675 critica
1735 1631 1736 1636 ¹

356 1710 547 1773 adnotatione
574 1720 604 1771 et
628 1708 777 1788 exegetica
804 1708 885 1787 (nam
913 1728 953 1769 ne
980 1707 1059 1771 hanc
1081 1709 1199 1792 quidem
1221 1719 1334 1791 partem
1360 1712 1533 1793 neglexerat
1553 1715 1614 1793 ille)

357 1812 587 1895 fragmentisque
615 1812 692 1875 vitae
718 1810 846 1890 artisque
871 1811 1039 1874 testimonia
1059 1812 1229 1894 praefigere.
1272 1815 1314 1876 sic
1335 1824 1438 1895 poetas
1460 1819 1616 1900 usquead

358 1913 568 1997 Empedoclem
589 1932 684 1994 paene
701 1932 875 1993 permensus
887 1933 974 1989 eram,
989 1934 1057 1977 cum
1072 1914 1140 1988 vidi,
1155 1915 1211 1977 nisi
1226 1915 1415 1979 difficillimos
1430 1915 1498 1979 illos
1512 1928 1615 1998 poetas

357 2028 410 2081 aut
436 2016 631 2099 inexplicatas
659 2018 689 2077 in
715 2016 889 2097 gravissimo
918 2036 1037 2097 quoque
1063 2016 1129 2079 loco
1157 2016 1322 2099 relinquere
1342 2030 1396 2082 aut
1416 2020 1507 2082 nimia
1528 2021 1616 2081 inter·

357 2121 520 2202 pretatione
549 2120 635 2201 quasi
667 2118 788 2181 obruere
821 2117 945 2193 vellem,
966 2118 1130 2181 doctrinam
1151 2121 1221 2181 mibi
1242 2122 1338 2202 ipsam
1370 2123 1616 2204 philosophorum

356 2222 579 2286 adscribendam
608 2242 679 2284 esse.
723 2240 852 2303 namque
879 2222 934 2283 etsi
961 2230 1063 2303 poetas
1090 2221 1191 2302 edere,
1213 2243 1277 2286 non
1298 2224 1504 2308 philosophos,
1526 2228 1615 2292 huius

357 2326 495 2409 Corporis
522 2326 657 2388 instituto
685 2324 798 2398 iubeor,
825 2334 926 2385 tamen
947 2325 1012 2387 sine
1038 2323 1242 2406 philosophiae
1263 2326 1331 2389 luce
1350 2347 1439 2391 caeca
1459 2328 1523 2392 fore
1543 2330 1616 2393 haec
1736 2389 1737 2392 ,

356 2430 487 2493 carmina
520 2426 660 2489 intellexi.
703 2428 801 2507 itaque
834 2425 943 2489 selecta
973 2427 1234 2510 doxographorum
1266 2430 1366 2512 capita
1394 2432 1462 2494 vitis
1491 2433 1616 2513 singulis
1736 2453 1737 2458 ¹

357 2533 501 2607 adnexui3
523 2552 582 2614 quo
604 2530 684 2594 facto
706 2539 852 2612 quantum
873 2529 1074 2612 aequabilitati
1093 2530 1270 2601 detrahetur.
1286 2543 1402 2598 tantum
1417 2537 1617 2618 perspicuitati
1737 2614 1739 2635 ,

358 2637 492 2701 additum
511 2636 546 2698 iri
568 2654 660 2716 spero.

443 2750 593 2820 praeterea
614 2739 732 2801 testium
754 2735 947 2812 abundantia,
961 2757 1037 2819 quae
1047 2747 1109 2799 tam
1119 2738 1269 2802 difficilem
1281 2761 1370 2822 quam
1381 2742 1536 2806 molestam
1549 2743 1616 2805 red-

358 2845 432 2908 didit
452 2845 540 2908 huius
562 2842 722 2908 voluminis
741 2841 951 2915 recensionem,
966 2851 1086 2904 coactus
1101 2863 1168 2906 sum
1182 2842 1322 2907 lemmata
1336 2866 1355 2907 a
1369 2846 1448 2908 notis
1463 2846 1616 2928 seiungere

359 2948 536 3030 interpositis
551 2947 622 3027 ipsis
636 2944 779 3008 versibus.
822 2964 879 3006 nec
892 2953 991 3006 mmen
1006 2943 1063 3035 boc
1076 2965 1168 3026 grave
1181 2945 1338 3010 discrimen
1351 2949 1482 3012 rationis.
1522 2948 1614 3030 paulo

358 3051 476 3133 gravior
502 3049 637 3114 videatur
665 3047 775 3110 ordinis
803 3047 935 3110 mutatio.
978 3047 1135 3111 Kaibelius
1156 3049 1234 3110 enim
1255 3051 1296 3113 sic
1317 3052 1498 3126 instituerat,
1521 3061 1555 3113 ut
1575 3051 1614 3113 ad

242 3177 249 3190 ·
360 3155 486 3216 incertae
508 3151 586 3216 sedis
608 3151 775 3232 fragments
796 3149 964 3213 ordinanda
984 3161 1139 3214 auctorum
1156 3153 1245 3215 series
1255 3154 1419 3217 seeundum
1430 3153 1543 3218 litteras
1557 3155 1615 3217 dis·

359 3257 456 3339 posita
482 3253 602 3320 valeret
646 3274 736 3336 quam
762 3255 907 3317 rationem
935 3255 967 3314 in
993 3254 1167 3318 universum
1193 3256 1382 3319 vehementer
1402 3257 1512 3339 probo;
1533 3267 1563 3319 et
1583 3266 1618 3320 ut

359 3360 430 3424 alibi
458 3358 604 3422 Heracliti
631 3358 711 3420 dicta
738 3357 777 3420 ed
802 3356 882 3420 hanc
909 3378 1044 3421 normam
1069 3357 1216 3437 disposui,
1238 3359 1279 3420 ita
1299 3359 1347 3421 hic
1367 3359 1500 3422 Timonis
1522 3360 1613 3426 sillos.
1737 3418 1738 3437 ,

359 3484 430 3528 nam
451 3483 541 3546 quam
563 3461 634 3524 olim
654 3461 726 3523 mihi
746 3459 1006 3536 Waehsmuthtus,
1028 3481 1117 3542 quem
1138 3462 1259 3525 honoris
1279 3481 1370 3524 eausa
1391 3462 1524 3537 nomino,
1547 3483 1614 3544 pro
1737 3454 1738 3463 ’

359 3567 483 3630 baverst
503 3565 627 3629 formam
648 3564 724 3640 libri,
744 3565 824 3627 hanc
845 3564 897 3627 nbi
918 3565 1083 3626 accuratius
1104 3565 1279 3640 examinavi,
1302 3564 1406 3628 hilaris
1427 3585 1533 3646 parum
1554 3575 1613 3628 sta·

359 3669 469 3733 bilibus
497 3669 551 3730 niti
572 3667 713 3732 intellexi.
757 3687 826 3748 ergo
847 3687 888 3728 ne
907 3667 940 3727 in
961 3665 1088 3728 eundem
1111 3666 1174 3748 ipse
1195 3687 1320 3729 errorem
1342 3667 1464 3744 laberer,
1485 3667 1613 3731 libenter

359 3773 491 3837 Kaibelii
522 3773 630 3836 rationi
660 3791 707 3834 me
733 3771 890 3854 applicavi.
933 3779 1061 3832 ceterum
1090 3791 1130 3832 ne
1156 3771 1188 3832 in
1217 3771 1336 3833 inertiae
1358 3770 1499 3853 pulvino,
1520 3792 1611 3854 quam

360 3876 509 3940 nesciendi
531 3885 622 3940 artem
644 3875 736 3958 vulgo
758 3875 869 3951 dieunt,
892 3874 1074 3956 acquievisse
1088 3873 1210 3948 viderer,
1221 3884 1464 3956 argumentorum
1477 3873 1612 3938 tabulam

360 3999 395 4040 ac
415 3976 642 4060 discriptionem,
665 3975 785 4057 qualem
806 3975 869 4056 ipse
891 3977 1014 4058 concepi
1036 3978 1144 4051 animo,
1165 3976 1338 4060 fragmentis
1359 3977 1504 4059 praemisi.

443 4088 475 4141 at
499 4081 589 4162 longe
602 4080 662 4143 alia
675 4079 807 4145 condicio
819 4082 950 4163 ipsorum
965 4081 1218 4164 philosophorum.
1262 4081 1310 4143 bic
1323 4081 1402 4142 enim
1416 4079 1611 4163 periclitanda

360 4193 423 4246 erat
443 4184 675 4265 fragmentorum
689 4205 753 4248 non
767 4185 890 4247 fortuita
903 4184 1065 4249 collocatio.
1108 4184 1246 4245 nimirum
1260 4193 1314 4245 eut
1327 4192 1443 4246 tantum
1459 4193 1609 4246 servatum

360 4297 423 4350 erat
448 4287 532 4350 velut
553 4288 585 4348 in
606 4287 820 4362 Parmenideis,
849 4297 884 4350 ut
910 4288 1068 4351 consilium
1095 4297 1199 4369 poetae
1225 4298 1332 4370 suapte
1360 4297 1467 4369 sponte
1488 4296 1611 4369 pateret,

360 4401 414 4454 aut
433 4401 495 4453 tem
516 4411 612 4472 pauca
634 4391 710 4452 inter
731 4393 812 4454 varia
832 4412 942 4474 genera
962 4391 1118 4455 distributa
1138 4389 1221 4456 velut
1241 4390 1451 4473 Xenopbanis‚
1474 4399 1509 4452 ut
1528 4388 1610 4452 baud

360 4493 446 4556 facile
474 4513 577 4575 posses
603 4492 736 4556 deerrare
762 4493 878 4570 itinere,
904 4504 958 4557 aut
984 4494 1198 4558 sententiarum
1219 4515 1352 4558 conexus
1373 4494 1439 4574 ipso
1460 4492 1611 4556 doctrinae
