<?xml version="1.0" encoding="UTF-8"?>
<!DOCTYPE html PUBLIC "-//W3C//DTD XHTML 1.0 Transitional//EN"
    "http://www.w3.org/TR/xhtml1/DTD/xhtml1-transitional.dtd">
<html xmlns="http://www.w3.org/1999/xhtml" xml:lang="en" lang="en">
 <head>
  <title>
</title>
<meta http-equiv="Content-Type" content="text/html;charset=utf-8" />
  <meta name='ocr-system' content='tesseract 3.04.00' />
  <meta name='ocr-capabilities' content='ocr_page ocr_carea ocr_par ocr_line ocrx_word'/>
</head>
<body>
  <div class='ocr_page' id='page_1' title='image "./poetarumphiloso00dielgoog_0011.png"; bbox 0 0 3500 5075; ppageno 0'>
   <div class='ocr_carea' id='block_1_1' title="bbox 622 1199 917 1279">
    <p class='ocr_par' dir='ltr' id='par_1_1' title="bbox 622 1199 917 1279">
     <span class='ocr_line' id='line_1_1' title="bbox 622 1199 917 1279; baseline -0.003 0"><span class='ocrx_word' id='word_1_1' title='bbox 622 1199 917 1279; x_wconf 84' lang='lat' dir='ltr'><strong>PRAEFATIO</strong></span> 
     </span>
    </p>
   </div>
   <div class='ocr_carea' id='block_1_2' title="bbox 140 1420 1402 2123">
    <p class='ocr_par' dir='ltr' id='par_1_2' title="bbox 140 1420 1402 2123">
     <span class='ocr_line' id='line_1_2' title="bbox 228 1420 1401 1509; baseline -0.008 -18"><span class='ocrx_word' id='word_1_2' title='bbox 228 1427 364 1509; x_wconf 85' lang='lat' dir='ltr'>Plsgulis</span> <span class='ocrx_word' id='word_1_3' title='bbox 385 1428 521 1490; x_wconf 88' lang='lat' dir='ltr'>correctis</span> <span class='ocrx_word' id='word_1_4' title='bbox 542 1427 747 1509; x_wconf 87' lang='lat' dir='ltr'>iudicibusque</span> <span class='ocrx_word' id='word_1_5' title='bbox 769 1445 832 1488; x_wconf 89' lang='lat' dir='ltr'>non</span> <span class='ocrx_word' id='word_1_6' title='bbox 855 1425 919 1487; x_wconf 88' lang='lat' dir='ltr'>sine</span> <span class='ocrx_word' id='word_1_7' title='bbox 937 1423 1033 1486; x_wconf 83' lang='lat' dir='ltr'>taedio</span> <span class='ocrx_word' id='word_1_8' title='bbox 1048 1421 1190 1483; x_wconf 85' lang='lat' dir='ltr'>coniectis</span> <span class='ocrx_word' id='word_1_9' title='bbox 1203 1420 1276 1481; x_wconf 93' lang='lat' dir='ltr'>dum</span> <span class='ocrx_word' id='word_1_10' title='bbox 1289 1420 1401 1501; x_wconf 87' lang='lat' dir='ltr'>respiro</span> 
     </span>
     <span class='ocr_line' id='line_1_3' title="bbox 140 1522 1402 1612; baseline -0.008 -20"><span class='ocrx_word' id='word_1_11' title='bbox 140 1542 172 1593; x_wconf 89' lang='lat' dir='ltr'>ct</span> <span class='ocrx_word' id='word_1_12' title='bbox 198 1530 318 1592; x_wconf 75' lang='lat' dir='ltr'>laetiore</span> <span class='ocrx_word' id='word_1_13' title='bbox 339 1530 439 1591; x_wconf 90' lang='lat' dir='ltr'>animo</span> <span class='ocrx_word' id='word_1_14' title='bbox 461 1530 532 1612; x_wconf 89' lang='lat' dir='ltr'>quid</span> <span class='ocrx_word' id='word_1_15' title='bbox 554 1528 751 1611; x_wconf 76' lang='lat' dir='ltr'><strong>praefandum</strong></span> <span class='ocrx_word' id='word_1_16' title='bbox 774 1530 812 1589; x_wconf 88' lang='lat' dir='ltr'>sit</span> <span class='ocrx_word' id='word_1_17' title='bbox 833 1528 968 1600; x_wconf 89' lang='lat' dir='ltr'>moditor,</span> <span class='ocrx_word' id='word_1_18' title='bbox 990 1545 1057 1588; x_wconf 85' lang='lat' dir='ltr'>ecce</span> <span class='ocrx_word' id='word_1_19' title='bbox 1078 1524 1203 1585; x_wconf 88' lang='lat' dir='ltr'>nuntius</span> <span class='ocrx_word' id='word_1_20' title='bbox 1224 1522 1315 1602; x_wconf 88' lang='lat' dir='ltr'>longe</span> <span class='ocrx_word' id='word_1_21' title='bbox 1336 1523 1402 1582; x_wconf 89' lang='lat' dir='ltr'>tris-</span> 
     </span>
     <span class='ocr_line' id='line_1_4' title="bbox 142 1625 1402 1707; baseline -0.006 -14"><span class='ocrx_word' id='word_1_22' title='bbox 142 1634 273 1695; x_wconf 85' lang='lat' dir='ltr'>tissimus</span> <span class='ocrx_word' id='word_1_23' title='bbox 299 1630 432 1706; x_wconf 83' lang='lat' dir='ltr'>affertur,</span> <span class='ocrx_word' id='word_1_24' title='bbox 461 1632 643 1695; x_wconf 69' lang='lat' dir='ltr'>enormen</span> <span class='ocrx_word' id='word_1_25' title='bbox 666 1633 861 1694; x_wconf 78' lang='lat' dir='ltr'>Karnnnruu</span> <span class='ocrx_word' id='word_1_26' title='bbox 889 1631 976 1693; x_wconf 86' lang='lat' dir='ltr'>nobis</span> <span class='ocrx_word' id='word_1_27' title='bbox 999 1627 1161 1707; x_wconf 72' lang='lat' dir='ltr'>litterisque</span> <span class='ocrx_word' id='word_1_28' title='bbox 1182 1625 1288 1687; x_wconf 88' lang='lat' dir='ltr'>acerba</span> <span class='ocrx_word' id='word_1_29' title='bbox 1308 1633 1402 1686; x_wconf 89' lang='lat' dir='ltr'>morte</span> 
     </span>
     <span class='ocr_line' id='line_1_5' title="bbox 143 1728 1401 1816; baseline -0.007 -20"><span class='ocrx_word' id='word_1_30' title='bbox 143 1744 276 1815; x_wconf 88' lang='lat' dir='ltr'>ereptum</span> <span class='ocrx_word' id='word_1_31' title='bbox 297 1754 369 1809; x_wconf 87' lang='lat' dir='ltr'>esse,</span> <span class='ocrx_word' id='word_1_32' title='bbox 392 1735 444 1816; x_wconf 92' lang='lat' dir='ltr'>qui</span> <span class='ocrx_word' id='word_1_33' title='bbox 465 1755 528 1797; x_wconf 92' lang='lat' dir='ltr'>non</span> <span class='ocrx_word' id='word_1_34' title='bbox 551 1735 648 1798; x_wconf 91' lang='lat' dir='ltr'>solum</span> <span class='ocrx_word' id='word_1_35' title='bbox 671 1734 834 1797; x_wconf 88' lang='lat' dir='ltr'>studiorum</span> <span class='ocrx_word' id='word_1_36' title='bbox 857 1735 994 1797; x_wconf 86' lang='lat' dir='ltr'>societate</span> <span class='ocrx_word' id='word_1_37' title='bbox 1015 1730 1084 1792; x_wconf 94' lang='lat' dir='ltr'>inde</span> <span class='ocrx_word' id='word_1_38' title='bbox 1104 1750 1123 1791; x_wconf 87' lang='lat' dir='ltr'>a</span> <span class='ocrx_word' id='word_1_39' title='bbox 1143 1728 1310 1791; x_wconf 88' lang='lat' dir='ltr'>beatissimo</span> <span class='ocrx_word' id='word_1_40' title='bbox 1331 1746 1401 1788; x_wconf 92' lang='lat' dir='ltr'>con·</span> 
     </span>
     <span class='ocr_line' id='line_1_6' title="bbox 145 1829 1402 1913; baseline -0.006 -16"><span class='ocrx_word' id='word_1_41' title='bbox 145 1836 280 1897; x_wconf 89' lang='lat' dir='ltr'>tubernio</span> <span class='ocrx_word' id='word_1_42' title='bbox 295 1836 448 1898; x_wconf 90' lang='lat' dir='ltr'>Bonnensi</span> <span class='ocrx_word' id='word_1_43' title='bbox 470 1837 540 1897; x_wconf 90' lang='lat' dir='ltr'>mihi</span> <span class='ocrx_word' id='word_1_44' title='bbox 562 1848 626 1899; x_wconf 89' lang='lat' dir='ltr'>erat</span> <span class='ocrx_word' id='word_1_45' title='bbox 648 1837 916 1912; x_wconf 86' lang='lat' dir='ltr'>coniunctissimus,</span> <span class='ocrx_word' id='word_1_46' title='bbox 937 1835 990 1898; x_wconf 88' lang='lat' dir='ltr'>sed</span> <span class='ocrx_word' id='word_1_47' title='bbox 1003 1836 1036 1895; x_wconf 92' lang='lat' dir='ltr'>in</span> <span class='ocrx_word' id='word_1_48' title='bbox 1050 1834 1106 1895; x_wconf 93' lang='lat' dir='ltr'>hoc</span> <span class='ocrx_word' id='word_1_49' title='bbox 1120 1851 1239 1913; x_wconf 91' lang='lat' dir='ltr'>quoque</span> <span class='ocrx_word' id='word_1_50' title='bbox 1252 1829 1402 1893; x_wconf 90' lang='lat' dir='ltr'>communi</span> 
     </span>
     <span class='ocr_line' id='line_1_7' title="bbox 145 1932 1402 2021; baseline -0.006 -21"><span class='ocrx_word' id='word_1_51' title='bbox 145 1939 303 2001; x_wconf 87' lang='lat' dir='ltr'>amicorum</span> <span class='ocrx_word' id='word_1_52' title='bbox 335 1958 422 2019; x_wconf 89' lang='lat' dir='ltr'>opere</span> <span class='ocrx_word' id='word_1_53' title='bbox 449 1939 533 2003; x_wconf 85' lang='lat' dir='ltr'>velut</span> <span class='ocrx_word' id='word_1_54' title='bbox 558 1960 673 2021; x_wconf 80' lang='lat' dir='ltr'>auspex</span> <span class='ocrx_word' id='word_1_55' title='bbox 701 1950 731 2001; x_wconf 89' lang='lat' dir='ltr'>et</span> <span class='ocrx_word' id='word_1_56' title='bbox 758 1939 891 2021; x_wconf 84' lang='lat' dir='ltr'>signifer,</span> <span class='ocrx_word' id='word_1_57' title='bbox 920 1940 1004 2001; x_wconf 92' lang='lat' dir='ltr'>cuius</span> <span class='ocrx_word' id='word_1_58' title='bbox 1030 1936 1231 1999; x_wconf 86' lang='lat' dir='ltr'>auctoritatem</span> <span class='ocrx_word' id='word_1_59' title='bbox 1252 1954 1299 1994; x_wconf 90' lang='lat' dir='ltr'>me</span> <span class='ocrx_word' id='word_1_60' title='bbox 1319 1932 1402 2013; x_wconf 93' lang='lat' dir='ltr'>sequi</span> 
     </span>
     <span class='ocr_line' id='line_1_8' title="bbox 143 2035 1402 2123; baseline -0.004 -21"><span class='ocrx_word' id='word_1_61' title='bbox 143 2050 174 2102; x_wconf 87' lang='lat' dir='ltr'>ct</span> <span class='ocrx_word' id='word_1_62' title='bbox 193 2039 317 2101; x_wconf 89' lang='lat' dir='ltr'>decebat</span> <span class='ocrx_word' id='word_1_63' title='bbox 337 2050 368 2101; x_wconf 91' lang='lat' dir='ltr'>et</span> <span class='ocrx_word' id='word_1_64' title='bbox 387 2041 517 2105; x_wconf 86' lang='lat' dir='ltr'>iuvabat.</span> <span class='ocrx_word' id='word_1_65' title='bbox 562 2062 632 2103; x_wconf 90' lang='lat' dir='ltr'>nam</span> <span class='ocrx_word' id='word_1_66' title='bbox 654 2042 813 2122; x_wconf 86' lang='lat' dir='ltr'>singularis</span> <span class='ocrx_word' id='word_1_67' title='bbox 834 2063 957 2123; x_wconf 77' lang='lat' dir='ltr'>graecae</span> <span class='ocrx_word' id='word_1_68' title='bbox 977 2041 1048 2103; x_wconf 91' lang='lat' dir='ltr'>artis</span> <span class='ocrx_word' id='word_1_69' title='bbox 1062 2038 1200 2120; x_wconf 89' lang='lat' dir='ltr'>cognitio,</span> <span class='ocrx_word' id='word_1_70' title='bbox 1215 2036 1336 2118; x_wconf 89' lang='lat' dir='ltr'>quaein</span> <span class='ocrx_word' id='word_1_71' title='bbox 1350 2035 1402 2097; x_wconf 89' lang='lat' dir='ltr'>illo</span> 
     </span>
    </p>
   </div>
   <div class='ocr_carea' id='block_1_3' title="bbox 143 2137 1405 3145">
    <p class='ocr_par' dir='ltr' id='par_1_3' title="bbox 143 2137 1405 3145">
     <span class='ocr_line' id='line_1_9' title="bbox 144 2137 1403 2225; baseline -0.005 -20"><span class='ocrx_word' id='word_1_72' title='bbox 144 2142 209 2217; x_wconf 73' lang='lat' dir='ltr'>fuit,</span> <span class='ocrx_word' id='word_1_73' title='bbox 237 2143 269 2203; x_wconf 91' lang='lat' dir='ltr'>in</span> <span class='ocrx_word' id='word_1_74' title='bbox 296 2142 383 2206; x_wconf 90' lang='lat' dir='ltr'>nullo</span> <span class='ocrx_word' id='word_1_75' title='bbox 408 2164 515 2224; x_wconf 86' lang='lat' dir='ltr'>genere</span> <span class='ocrx_word' id='word_1_76' title='bbox 542 2144 704 2206; x_wconf 87' lang='lat' dir='ltr'>litterarum</span> <span class='ocrx_word' id='word_1_77' title='bbox 732 2145 825 2225; x_wconf 89' lang='lat' dir='ltr'>magis</span> <span class='ocrx_word' id='word_1_78' title='bbox 853 2145 971 2205; x_wconf 90' lang='lat' dir='ltr'>enituit·</span> <span class='ocrx_word' id='word_1_79' title='bbox 985 2164 1074 2224; x_wconf 90' lang='lat' dir='ltr'>quam</span> <span class='ocrx_word' id='word_1_80' title='bbox 1100 2143 1132 2202; x_wconf 93' lang='lat' dir='ltr'>in</span> <span class='ocrx_word' id='word_1_81' title='bbox 1157 2139 1296 2213; x_wconf 71' lang='lat' dir='ltr'>(lammis,</span> <span class='ocrx_word' id='word_1_82' title='bbox 1322 2137 1403 2199; x_wconf 88' lang='lat' dir='ltr'>unde</span> 
     </span>
     <span class='ocr_line' id='line_1_10' title="bbox 144 2240 1403 2326; baseline -0.005 -19"><span class='ocrx_word' id='word_1_83' title='bbox 144 2244 334 2323; x_wconf 85' lang='lat' dir='ltr'>splendidum</span> <span class='ocrx_word' id='word_1_84' title='bbox 356 2246 601 2309; x_wconf 86' lang='lat' dir='ltr'>ante-biennium</span> <span class='ocrx_word' id='word_1_85' title='bbox 623 2246 735 2308; x_wconf 87' lang='lat' dir='ltr'>factum</span> <span class='ocrx_word' id='word_1_86' title='bbox 757 2255 803 2308; x_wconf 89' lang='lat' dir='ltr'>est</span> <span class='ocrx_word' id='word_1_87' title='bbox 824 2246 913 2308; x_wconf 88' lang='lat' dir='ltr'>huius</span> <span class='ocrx_word' id='word_1_88' title='bbox 932 2245 1071 2326; x_wconf 77' lang='lat' dir='ltr'>Corporis</span> <span class='ocrx_word' id='word_1_89' title='bbox 1092 2243 1216 2304; x_wconf 89' lang='lat' dir='ltr'>initium.</span> <span class='ocrx_word' id='word_1_90' title='bbox 1258 2241 1316 2302; x_wconf 89' lang='lat' dir='ltr'>iam</span> <span class='ocrx_word' id='word_1_91' title='bbox 1331 2240 1403 2302; x_wconf 84' lang='lat' dir='ltr'>adu·</span> 
     </span>
     <span class='ocr_line' id='line_1_11' title="bbox 143 2341 1403 2431; baseline -0.003 -23"><span class='ocrx_word' id='word_1_92' title='bbox 143 2347 303 2410; x_wconf 86' lang='lat' dir='ltr'>lescentem</span> <span class='ocrx_word' id='word_1_93' title='bbox 325 2348 420 2429; x_wconf 86' lang='lat' dir='ltr'>prima</span> <span class='ocrx_word' id='word_1_94' title='bbox 442 2349 572 2414; x_wconf 87' lang='lat' dir='ltr'>tirocinia</span> <span class='ocrx_word' id='word_1_95' title='bbox 596 2351 626 2411; x_wconf 91' lang='lat' dir='ltr'>in</span> <span class='ocrx_word' id='word_1_96' title='bbox 642 2350 845 2431; x_wconf 77' lang='lat' dir='ltr'>Aristophane</span> <span class='ocrx_word' id='word_1_97' title='bbox 859 2370 969 2430; x_wconf 91' lang='lat' dir='ltr'>ponere</span> <span class='ocrx_word' id='word_1_98' title='bbox 984 2347 1103 2410; x_wconf 91' lang='lat' dir='ltr'>memini</span> <span class='ocrx_word' id='word_1_99' title='bbox 1117 2344 1301 2424; x_wconf 91' lang='lat' dir='ltr'>eundemque</span> <span class='ocrx_word' id='word_1_100' title='bbox 1316 2341 1403 2404; x_wconf 91' lang='lat' dir='ltr'>audio</span> 
     </span>
     <span class='ocr_line' id='line_1_12' title="bbox 144 2444 1404 2531; baseline -0.007 -19"><span class='ocrx_word' id='word_1_101' title='bbox 144 2469 313 2531; x_wconf 81' lang='lat' dir='ltr'>supremam</span> <span class='ocrx_word' id='word_1_102' title='bbox 334 2448 426 2512; x_wconf 79' lang='lat' dir='ltr'>fnisse</span> <span class='ocrx_word' id='word_1_103' title='bbox 443 2450 610 2513; x_wconf 86' lang='lat' dir='ltr'>moribundi</span> <span class='ocrx_word' id='word_1_104' title='bbox 625 2472 725 2513; x_wconf 89' lang='lat' dir='ltr'>curam</span> <span class='ocrx_word' id='word_1_105' title='bbox 739 2468 774 2512; x_wconf 85' lang='lat' dir='ltr'>ac</span> <span class='ocrx_word' id='word_1_106' title='bbox 789 2450 946 2531; x_wconf 88' lang='lat' dir='ltr'>querelam.</span> <span class='ocrx_word' id='word_1_107' title='bbox 990 2450 1065 2510; x_wconf 89' lang='lat' dir='ltr'>inter</span> <span class='ocrx_word' id='word_1_108' title='bbox 1078 2448 1133 2510; x_wconf 91' lang='lat' dir='ltr'>hos</span> <span class='ocrx_word' id='word_1_109' title='bbox 1148 2447 1226 2510; x_wconf 86' lang='lat' dir='ltr'>vitae</span> <span class='ocrx_word' id='word_1_110' title='bbox 1240 2444 1404 2507; x_wconf 86' lang='lat' dir='ltr'>laboriosae</span> 
     </span>
     <span class='ocr_line' id='line_1_13' title="bbox 144 2548 1405 2635; baseline -0.005 -21"><span class='ocrx_word' id='word_1_111' title='bbox 144 2563 174 2615; x_wconf 86' lang='lat' dir='ltr'>et</span> <span class='ocrx_word' id='word_1_112' title='bbox 195 2553 364 2615; x_wconf 78' lang='lat' dir='ltr'>fructuosae</span> <span class='ocrx_word' id='word_1_113' title='bbox 387 2555 526 2616; x_wconf 86' lang='lat' dir='ltr'>terminos</span> <span class='ocrx_word' id='word_1_114' title='bbox 547 2574 665 2616; x_wconf 86' lang='lat' dir='ltr'>omnem</span> <span class='ocrx_word' id='word_1_115' title='bbox 687 2555 874 2635; x_wconf 79' lang='lat' dir='ltr'>graecitatem</span> <span class='ocrx_word' id='word_1_116' title='bbox 896 2553 1063 2634; x_wconf 85' lang='lat' dir='ltr'>peragravit</span> <span class='ocrx_word' id='word_1_117' title='bbox 1083 2560 1112 2612; x_wconf 88' lang='lat' dir='ltr'>et</span> <span class='ocrx_word' id='word_1_118' title='bbox 1134 2548 1266 2630; x_wconf 92' lang='lat' dir='ltr'>undique</span> <span class='ocrx_word' id='word_1_119' title='bbox 1279 2568 1405 2610; x_wconf 88' lang='lat' dir='ltr'>messem</span> 
     </span>
     <span class='ocr_line' id='line_1_14' title="bbox 144 2651 1404 2738; baseline -0.003 -22"><span class='ocrx_word' id='word_1_120' title='bbox 144 2655 320 2718; x_wconf 87' lang='lat' dir='ltr'>uberrimam</span> <span class='ocrx_word' id='word_1_121' title='bbox 348 2653 473 2729; x_wconf 86' lang='lat' dir='ltr'>rettulit;</span> <span class='ocrx_word' id='word_1_122' title='bbox 500 2665 531 2717; x_wconf 90' lang='lat' dir='ltr'>at</span> <span class='ocrx_word' id='word_1_123' title='bbox 560 2677 710 2738; x_wconf 88' lang='lat' dir='ltr'>nusquam</span> <span class='ocrx_word' id='word_1_124' title='bbox 738 2655 878 2718; x_wconf 90' lang='lat' dir='ltr'>libentius</span> <span class='ocrx_word' id='word_1_125' title='bbox 904 2653 935 2717; x_wconf 85' lang='lat' dir='ltr'>et</span> <span class='ocrx_word' id='word_1_126' title='bbox 955 2655 1097 2716; x_wconf 86' lang='lat' dir='ltr'>intentius</span> <span class='ocrx_word' id='word_1_127' title='bbox 1119 2651 1294 2716; x_wconf 85' lang='lat' dir='ltr'>versabatur</span> <span class='ocrx_word' id='word_1_128' title='bbox 1314 2671 1404 2732; x_wconf 85' lang='lat' dir='ltr'>quam</span> 
     </span>
     <span class='ocr_line' id='line_1_15' title="bbox 143 2753 1404 2840; baseline -0.002 -22"><span class='ocrx_word' id='word_1_129' title='bbox 143 2760 175 2818; x_wconf 91' lang='lat' dir='ltr'>in</span> <span class='ocrx_word' id='word_1_130' title='bbox 197 2758 302 2820; x_wconf 87' lang='lat' dir='ltr'>atticae</span> <span class='ocrx_word' id='word_1_131' title='bbox 324 2757 493 2820; x_wconf 84' lang='lat' dir='ltr'>comoediae</span> <span class='ocrx_word' id='word_1_132' title='bbox 514 2758 652 2840; x_wconf 88' lang='lat' dir='ltr'>reliquiis.</span> <span class='ocrx_word' id='word_1_133' title='bbox 675 2758 836 2821; x_wconf 88' lang='lat' dir='ltr'>Dorienses</span> <span class='ocrx_word' id='word_1_134' title='bbox 858 2758 951 2833; x_wconf 88' lang='lat' dir='ltr'>enirn,</span> <span class='ocrx_word' id='word_1_135' title='bbox 974 2777 1049 2839; x_wconf 89' lang='lat' dir='ltr'>quos</span> <span class='ocrx_word' id='word_1_136' title='bbox 1070 2754 1172 2823; x_wconf 87' lang='lat' dir='ltr'>edidit,</span> <span class='ocrx_word' id='word_1_137' title='bbox 1194 2762 1314 2834; x_wconf 88' lang='lat' dir='ltr'>propter</span> <span class='ocrx_word' id='word_1_138' title='bbox 1335 2753 1404 2816; x_wconf 92' lang='lat' dir='ltr'>illos</span> 
     </span>
     <span class='ocr_line' id='line_1_16' title="bbox 144 2856 1404 2942; baseline -0.005 -18"><span class='ocrx_word' id='word_1_139' title='bbox 144 2861 252 2942; x_wconf 89' lang='lat' dir='ltr'>opinor</span> <span class='ocrx_word' id='word_1_140' title='bbox 272 2862 416 2941; x_wconf 89' lang='lat' dir='ltr'>tetigerat.</span> <span class='ocrx_word' id='word_1_141' title='bbox 460 2862 567 2942; x_wconf 92' lang='lat' dir='ltr'>quodsi</span> <span class='ocrx_word' id='word_1_142' title='bbox 588 2883 690 2926; x_wconf 84' lang='lat' dir='ltr'>verum</span> <span class='ocrx_word' id='word_1_143' title='bbox 712 2871 757 2924; x_wconf 88' lang='lat' dir='ltr'>est</span> <span class='ocrx_word' id='word_1_144' title='bbox 779 2861 870 2942; x_wconf 91' lang='lat' dir='ltr'>(quod</span> <span class='ocrx_word' id='word_1_145' title='bbox 892 2881 946 2942; x_wconf 85' lang='lat' dir='ltr'>ego</span> <span class='ocrx_word' id='word_1_146' title='bbox 968 2881 1051 2922; x_wconf 90' lang='lat' dir='ltr'>nunc</span> <span class='ocrx_word' id='word_1_147' title='bbox 1067 2858 1163 2925; x_wconf 65' lang='lat' dir='ltr'>‚libere</span> <span class='ocrx_word' id='word_1_148' title='bbox 1183 2856 1330 2938; x_wconf 87' lang='lat' dir='ltr'>profiteor,</span> <span class='ocrx_word' id='word_1_149' title='bbox 1352 2856 1404 2918; x_wconf 93' lang='lat' dir='ltr'>ubi</span> 
     </span>
     <span class='ocr_line' id='line_1_17' title="bbox 145 2957 1403 3045; baseline -0.004 -19"><span class='ocrx_word' id='word_1_150' title='bbox 145 2985 209 3028; x_wconf 88' lang='lat' dir='ltr'>non</span> <span class='ocrx_word' id='word_1_151' title='bbox 225 2965 283 3026; x_wconf 89' lang='lat' dir='ltr'>iarn</span> <span class='ocrx_word' id='word_1_152' title='bbox 305 2963 485 3028; x_wconf 83' lang='lat' dir='ltr'>invidiosum</span> <span class='ocrx_word' id='word_1_153' title='bbox 507 2965 623 3028; x_wconf 87' lang='lat' dir='ltr'>videtur</span> <span class='ocrx_word' id='word_1_154' title='bbox 644 2964 766 3027; x_wconf 88' lang='lat' dir='ltr'>laudare</span> <span class='ocrx_word' id='word_1_155' title='bbox 788 2965 925 3038; x_wconf 79' lang='lat' dir='ltr'>amicum)</span> <span class='ocrx_word' id='word_1_156' title='bbox 947 2962 1120 3045; x_wconf 82' lang='lat' dir='ltr'>comprimi</span> <span class='ocrx_word' id='word_1_157' title='bbox 1141 2962 1221 3023; x_wconf 86' lang='lat' dir='ltr'>illius</span> <span class='ocrx_word' id='word_1_158' title='bbox 1243 2957 1403 3022; x_wconf 88' lang='lat' dir='ltr'>voluminis</span> 
     </span>
     <span class='ocr_line' id='line_1_18' title="bbox 143 3061 1404 3145; baseline 0.002 -21"><span class='ocrx_word' id='word_1_159' title='bbox 143 3061 325 3145; x_wconf 81' lang='lat' dir='ltr'>perfectione</span> <span class='ocrx_word' id='word_1_160' title='bbox 350 3063 402 3126; x_wconf 88' lang='lat' dir='ltr'>vix</span> <span class='ocrx_word' id='word_1_161' title='bbox 429 3083 519 3125; x_wconf 89' lang='lat' dir='ltr'>uuam</span> <span class='ocrx_word' id='word_1_162' title='bbox 547 3063 709 3127; x_wconf 88' lang='lat' dir='ltr'>alteramve</span> <span class='ocrx_word' id='word_1_163' title='bbox 731 3063 899 3144; x_wconf 85' lang='lat' dir='ltr'>aequalium</span> <span class='ocrx_word' id='word_1_164' title='bbox 926 3062 1083 3125; x_wconf 88' lang='lat' dir='ltr'>editionem</span> <span class='ocrx_word' id='word_1_165' title='bbox 1110 3072 1188 3124; x_wconf 88' lang='lat' dir='ltr'>recte</span> <span class='ocrx_word' id='word_1_166' title='bbox 1212 3082 1302 3144; x_wconf 88' lang='lat' dir='ltr'>posse</span> <span class='ocrx_word' id='word_1_167' title='bbox 1327 3083 1404 3126; x_wconf 92' lang='lat' dir='ltr'>com·</span> 
     </span>
    </p>
   </div>
   <div class='ocr_carea' id='block_1_4' title="bbox 144 3165 1521 3248">
    <p class='ocr_par' dir='ltr' id='par_1_4' title="bbox 144 3165 1521 3248">
     <span class='ocr_line' id='line_1_19' title="bbox 144 3165 1521 3248; baseline -0.003 -17"><span class='ocrx_word' id='word_1_168' title='bbox 144 3166 251 3248; x_wconf 84' lang='lat' dir='ltr'>parari,</span> <span class='ocrx_word' id='word_1_169' title='bbox 274 3165 345 3248; x_wconf 92' lang='lat' dir='ltr'>quid</span> <span class='ocrx_word' id='word_1_170' title='bbox 366 3175 585 3247; x_wconf 84' lang='lat' dir='ltr'>praestaturum</span> <span class='ocrx_word' id='word_1_171' title='bbox 607 3187 674 3228; x_wconf 89' lang='lat' dir='ltr'>eum</span> <span class='ocrx_word' id='word_1_172' title='bbox 696 3166 789 3228; x_wconf 84' lang='lat' dir='ltr'>fuisse</span> <span class='ocrx_word' id='word_1_173' title='bbox 809 3167 963 3241; x_wconf 87' lang='lat' dir='ltr'>credimus,</span> <span class='ocrx_word' id='word_1_174' title='bbox 986 3166 1127 3228; x_wconf 76' lang='lat' dir='ltr'>silatum</span> <span class='ocrx_word' id='word_1_175' title='bbox 1148 3166 1349 3243; x_wconf 83' lang='lat' dir='ltr'>concessisset,</span> <span class='ocrx_word' id='word_1_176' title='bbox 1371 3176 1406 3229; x_wconf 90' lang='lat' dir='ltr'>ut</span> <span class='ocrx_word' id='word_1_177' title='bbox 1517 3177 1521 3185; x_wconf 88' lang='lat'>&#39;</span> 
     </span>
    </p>
   </div>
   <div class='ocr_carea' id='block_1_5' title="bbox 144 3268 1406 3556">
    <p class='ocr_par' dir='ltr' id='par_1_5' title="bbox 144 3268 1406 3556">
     <span class='ocr_line' id='line_1_20' title="bbox 144 3268 1404 3351; baseline 0.004 -23"><span class='ocrx_word' id='word_1_178' title='bbox 144 3269 241 3350; x_wconf 87' lang='lat' dir='ltr'>ipsam</span> <span class='ocrx_word' id='word_1_179' title='bbox 268 3268 386 3330; x_wconf 81' lang='lat' dir='ltr'>atticam</span> <span class='ocrx_word' id='word_1_180' title='bbox 407 3268 587 3332; x_wconf 88' lang='lat' dir='ltr'>comoediam</span> <span class='ocrx_word' id='word_1_181' title='bbox 610 3269 696 3331; x_wconf 85' lang='lat' dir='ltr'>nobis</span> <span class='ocrx_word' id='word_1_182' title='bbox 718 3290 757 3331; x_wconf 86' lang='lat' dir='ltr'>ex</span> <span class='ocrx_word' id='word_1_183' title='bbox 780 3268 954 3350; x_wconf 80' lang='lat' dir='ltr'>fragmentis</span> <span class='ocrx_word' id='word_1_184' title='bbox 975 3269 1167 3351; x_wconf 83' lang='lat' dir='ltr'>instauraret,</span> <span class='ocrx_word' id='word_1_185' title='bbox 1191 3270 1222 3330; x_wconf 91' lang='lat' dir='ltr'>in</span> <span class='ocrx_word' id='word_1_186' title='bbox 1244 3291 1304 3351; x_wconf 86' lang='lat' dir='ltr'>qua</span> <span class='ocrx_word' id='word_1_187' title='bbox 1324 3280 1404 3332; x_wconf 89' lang='lat' dir='ltr'>totus</span> 
     </span>
     <span class='ocr_line' id='line_1_21' title="bbox 145 3369 1404 3453; baseline 0.002 -21"><span class='ocrx_word' id='word_1_188' title='bbox 145 3369 302 3432; x_wconf 86' lang='lat' dir='ltr'>habitabat</span> <span class='ocrx_word' id='word_1_189' title='bbox 315 3379 345 3432; x_wconf 88' lang='lat' dir='ltr'>et</span> <span class='ocrx_word' id='word_1_190' title='bbox 366 3370 510 3452; x_wconf 80' lang='lat' dir='ltr'>spirabat!</span> <span class='ocrx_word' id='word_1_191' title='bbox 554 3382 607 3433; x_wconf 88' lang='lat' dir='ltr'>aut</span> <span class='ocrx_word' id='word_1_192' title='bbox 627 3392 714 3435; x_wconf 89' lang='lat' dir='ltr'>nemo</span> <span class='ocrx_word' id='word_1_193' title='bbox 730 3371 899 3434; x_wconf 86' lang='lat' dir='ltr'>mortalium</span> <span class='ocrx_word' id='word_1_194' title='bbox 912 3381 972 3446; x_wconf 70' lang='lat' dir='ltr'>aut,</span> <span class='ocrx_word' id='word_1_195' title='bbox 988 3373 1013 3433; x_wconf 90' lang='lat' dir='ltr'>si</span> <span class='ocrx_word' id='word_1_196' title='bbox 1027 3373 1190 3453; x_wconf 89' lang='lat' dir='ltr'>quisquam,</span> <span class='ocrx_word' id='word_1_197' title='bbox 1206 3371 1257 3433; x_wconf 88' lang='lat' dir='ltr'>ille</span> <span class='ocrx_word' id='word_1_198' title='bbox 1271 3381 1302 3433; x_wconf 92' lang='lat' dir='ltr'>et</span> <span class='ocrx_word' id='word_1_199' title='bbox 1315 3381 1404 3434; x_wconf 89' lang='lat' dir='ltr'>natus</span> 
     </span>
     <span class='ocr_line' id='line_1_22' title="bbox 146 3473 1406 3556; baseline 0.002 -21"><span class='ocrx_word' id='word_1_200' title='bbox 146 3481 260 3535; x_wconf 77' lang='lat' dir='ltr'>arctet</span> <span class='ocrx_word' id='word_1_201' title='bbox 281 3481 402 3553; x_wconf 85' lang='lat' dir='ltr'>paratus</span> <span class='ocrx_word' id='word_1_202' title='bbox 425 3473 463 3534; x_wconf 92' lang='lat' dir='ltr'>ad</span> <span class='ocrx_word' id='word_1_203' title='bbox 485 3473 645 3536; x_wconf 87' lang='lat' dir='ltr'>Menandri</span> <span class='ocrx_word' id='word_1_204' title='bbox 667 3484 697 3536; x_wconf 90' lang='lat' dir='ltr'>et</span> <span class='ocrx_word' id='word_1_205' title='bbox 718 3474 888 3556; x_wconf 83' lang='lat' dir='ltr'>aequalium</span> <span class='ocrx_word' id='word_1_206' title='bbox 911 3474 1031 3536; x_wconf 89' lang='lat' dir='ltr'>umbras</span> <span class='ocrx_word' id='word_1_207' title='bbox 1052 3496 1090 3536; x_wconf 88' lang='lat' dir='ltr'>ex</span> <span class='ocrx_word' id='word_1_208' title='bbox 1111 3473 1212 3538; x_wconf 84' lang='lat' dir='ltr'>inferis</span> <span class='ocrx_word' id='word_1_209' title='bbox 1227 3474 1360 3537; x_wconf 79' lang='lat' dir='ltr'>citandos</span> <span class='ocrx_word' id='word_1_210' title='bbox 1375 3484 1406 3537; x_wconf 91' lang='lat' dir='ltr'>et</span> 
     </span>
    </p>
   </div>
   <div class='ocr_carea' id='block_1_6' title="bbox 144 3573 1404 3758">
    <p class='ocr_par' dir='ltr' id='par_1_6' title="bbox 144 3573 1404 3758">
     <span class='ocr_line' id='line_1_23' title="bbox 144 3573 1404 3641; baseline 0.002 -5"><span class='ocrx_word' id='word_1_211' title='bbox 144 3577 177 3636; x_wconf 91' lang='lat' dir='ltr'>in</span> <span class='ocrx_word' id='word_1_212' title='bbox 199 3575 277 3638; x_wconf 86' lang='lat' dir='ltr'>vitae</span> <span class='ocrx_word' id='word_1_213' title='bbox 298 3573 394 3636; x_wconf 92' lang='lat' dir='ltr'>lucem</span> <span class='ocrx_word' id='word_1_214' title='bbox 416 3576 609 3640; x_wconf 87' lang='lat' dir='ltr'>revocandas.</span> <span class='ocrx_word' id='word_1_215' title='bbox 654 3576 728 3639; x_wconf 92' lang='lat' dir='ltr'>adeo</span> <span class='ocrx_word' id='word_1_216' title='bbox 757 3579 787 3639; x_wconf 91' lang='lat' dir='ltr'>in</span> <span class='ocrx_word' id='word_1_217' title='bbox 803 3578 935 3640; x_wconf 91' lang='lat' dir='ltr'>intimam</span> <span class='ocrx_word' id='word_1_218' title='bbox 950 3598 1050 3640; x_wconf 91' lang='lat' dir='ltr'>eorum</span> <span class='ocrx_word' id='word_1_219' title='bbox 1065 3577 1310 3641; x_wconf 88' lang='lat' dir='ltr'>consuetudinem</span> <span class='ocrx_word' id='word_1_220' title='bbox 1323 3577 1404 3638; x_wconf 90' lang='lat' dir='ltr'>inde-</span> 
     </span>
     <span class='ocr_line' id='line_1_24' title="bbox 145 3675 1403 3758; baseline -0.002 -20"><span class='ocrx_word' id='word_1_221' title='bbox 145 3677 227 3739; x_wconf 83' lang='lat' dir='ltr'>fesso</span> <span class='ocrx_word' id='word_1_222' title='bbox 255 3675 357 3738; x_wconf 87' lang='lat' dir='ltr'>labore</span> <span class='ocrx_word' id='word_1_223' title='bbox 390 3684 480 3755; x_wconf 88' lang='lat' dir='ltr'>atque</span> <span class='ocrx_word' id='word_1_224' title='bbox 501 3675 629 3738; x_wconf 64' lang='lat' dir='ltr'>iurasse</span> <span class='ocrx_word' id='word_1_225' title='bbox 656 3677 749 3758; x_wconf 89' lang='lat' dir='ltr'>magis</span> <span class='ocrx_word' id='word_1_226' title='bbox 778 3677 865 3740; x_wconf 89' lang='lat' dir='ltr'>etiam</span> <span class='ocrx_word' id='word_1_227' title='bbox 893 3698 999 3739; x_wconf 87' lang='lat' dir='ltr'>sensus</span> <span class='ocrx_word' id='word_1_228' title='bbox 1022 3677 1154 3758; x_wconf 91' lang='lat' dir='ltr'>quadam</span> <span class='ocrx_word' id='word_1_229' title='bbox 1175 3677 1351 3757; x_wconf 88' lang='lat' dir='ltr'>cognatione</span> <span class='ocrx_word' id='word_1_230' title='bbox 1372 3696 1403 3736; x_wconf 90' lang='lat' dir='ltr'>se</span> 
     </span>
    </p>
   </div>
   <div class='ocr_carea' id='block_1_7' title="bbox 146 3778 1405 4579">
    <p class='ocr_par' dir='ltr' id='par_1_7' title="bbox 146 3778 1405 4459">
     <span class='ocr_line' id='line_1_25' title="bbox 147 3778 1404 3862; baseline -0.001 -21"><span class='ocrx_word' id='word_1_231' title='bbox 147 3779 360 3842; x_wconf 85' lang='lat' dir='ltr'>insinuaverat.</span> <span class='ocrx_word' id='word_1_232' title='bbox 403 3798 474 3841; x_wconf 89' lang='lat' dir='ltr'>nam</span> <span class='ocrx_word' id='word_1_233' title='bbox 496 3787 557 3841; x_wconf 85' lang='lat' dir='ltr'>tota</span> <span class='ocrx_word' id='word_1_234' title='bbox 580 3780 642 3842; x_wconf 89' lang='lat' dir='ltr'>eius</span> <span class='ocrx_word' id='word_1_235' title='bbox 659 3779 774 3843; x_wconf 88' lang='lat' dir='ltr'>indoles</span> <span class='ocrx_word' id='word_1_236' title='bbox 796 3780 835 3843; x_wconf 93' lang='lat' dir='ltr'>ad</span> <span class='ocrx_word' id='word_1_237' title='bbox 852 3781 972 3844; x_wconf 80' lang='lat' dir='ltr'>atticum</span> <span class='ocrx_word' id='word_1_238' title='bbox 986 3781 1076 3844; x_wconf 89' lang='lat' dir='ltr'>istum</span> <span class='ocrx_word' id='word_1_239' title='bbox 1091 3800 1225 3862; x_wconf 87' lang='lat' dir='ltr'>saporem</span> <span class='ocrx_word' id='word_1_240' title='bbox 1240 3778 1320 3839; x_wconf 83' lang='lat' dir='ltr'>iacta</span> <span class='ocrx_word' id='word_1_241' title='bbox 1333 3786 1404 3840; x_wconf 84' lang='lat' dir='ltr'>erat.</span> 
     </span>
     <span class='ocr_line' id='line_1_26' title="bbox 146 3879 1405 3965; baseline -0.002 -20"><span class='ocrx_word' id='word_1_242' title='bbox 146 3893 182 3946; x_wconf 88' lang='lat' dir='ltr'>ut</span> <span class='ocrx_word' id='word_1_243' title='bbox 207 3882 352 3963; x_wconf 88' lang='lat' dir='ltr'>scriptura</span> <span class='ocrx_word' id='word_1_244' title='bbox 379 3881 441 3944; x_wconf 87' lang='lat' dir='ltr'>eius</span> <span class='ocrx_word' id='word_1_245' title='bbox 471 3880 621 3962; x_wconf 87' lang='lat' dir='ltr'>elegantia</span> <span class='ocrx_word' id='word_1_246' title='bbox 650 3883 767 3965; x_wconf 89' lang='lat' dir='ltr'>apicum</span> <span class='ocrx_word' id='word_1_247' title='bbox 795 3903 866 3965; x_wconf 92' lang='lat' dir='ltr'>prae</span> <span class='ocrx_word' id='word_1_248' title='bbox 895 3885 996 3946; x_wconf 88' lang='lat' dir='ltr'>ceteris</span> <span class='ocrx_word' id='word_1_249' title='bbox 1023 3882 1151 3957; x_wconf 83' lang='lat' dir='ltr'>nitebat,</span> <span class='ocrx_word' id='word_1_250' title='bbox 1172 3891 1207 3944; x_wconf 90' lang='lat' dir='ltr'>ut</span> <span class='ocrx_word' id='word_1_251' title='bbox 1228 3879 1405 3945; x_wconf 77' lang='lat' dir='ltr'>suavissima</span> 
     </span>
     <span class='ocr_line' id='line_1_27' title="bbox 148 3984 1404 4066; baseline -0.001 -20"><span class='ocrx_word' id='word_1_252' title='bbox 148 3984 356 4046; x_wconf 85' lang='lat' dir='ltr'>sermocinatio</span> <span class='ocrx_word' id='word_1_253' title='bbox 381 3984 487 4046; x_wconf 86' lang='lat' dir='ltr'>mirum</span> <span class='ocrx_word' id='word_1_254' title='bbox 514 3994 662 4065; x_wconf 87' lang='lat' dir='ltr'>quantum</span> <span class='ocrx_word' id='word_1_255' title='bbox 691 3986 799 4047; x_wconf 88' lang='lat' dir='ltr'>amicos</span> <span class='ocrx_word' id='word_1_256' title='bbox 820 3985 954 4059; x_wconf 86' lang='lat' dir='ltr'>tenebat,</span> <span class='ocrx_word' id='word_1_257' title='bbox 987 3987 1159 4066; x_wconf 87' lang='lat' dir='ltr'>priusquam</span> <span class='ocrx_word' id='word_1_258' title='bbox 1186 3984 1280 4046; x_wconf 89' lang='lat' dir='ltr'>morbi</span> <span class='ocrx_word' id='word_1_259' title='bbox 1308 3985 1404 4065; x_wconf 86' lang='lat' dir='ltr'>ingra-</span> 
     </span>
     <span class='ocr_line' id='line_1_28' title="bbox 148 4086 1404 4167; baseline -0.002 -17"><span class='ocrx_word' id='word_1_260' title='bbox 148 4086 297 4150; x_wconf 82' lang='lat' dir='ltr'>vescentis</span> <span class='ocrx_word' id='word_1_261' title='bbox 325 4088 478 4150; x_wconf 89' lang='lat' dir='ltr'>tormentis</span> <span class='ocrx_word' id='word_1_262' title='bbox 506 4087 596 4150; x_wconf 88' lang='lat' dir='ltr'>animi</span> <span class='ocrx_word' id='word_1_263' title='bbox 626 4087 766 4150; x_wconf 86' lang='lat' dir='ltr'>serenitas</span> <span class='ocrx_word' id='word_1_264' title='bbox 799 4088 950 4151; x_wconf 90' lang='lat' dir='ltr'>obscurari</span> <span class='ocrx_word' id='word_1_265' title='bbox 981 4095 1086 4167; x_wconf 82' lang='lat' dir='ltr'>coepta</span> <span class='ocrx_word' id='word_1_266' title='bbox 1110 4097 1168 4162; x_wconf 87' lang='lat' dir='ltr'>est,</span> <span class='ocrx_word' id='word_1_267' title='bbox 1190 4087 1232 4148; x_wconf 82' lang='lat' dir='ltr'>ita</span> <span class='ocrx_word' id='word_1_268' title='bbox 1251 4095 1314 4149; x_wconf 84' lang='lat' dir='ltr'>tota</span> <span class='ocrx_word' id='word_1_269' title='bbox 1341 4087 1404 4147; x_wconf 90' lang='lat' dir='ltr'>eius</span> 
     </span>
     <span class='ocr_line' id='line_1_29' title="bbox 148 4189 1405 4274; baseline -0.002 -22"><span class='ocrx_word' id='word_1_270' title='bbox 148 4209 195 4252; x_wconf 90' lang='lat' dir='ltr'>ars</span> <span class='ocrx_word' id='word_1_271' title='bbox 223 4210 328 4252; x_wconf 87' lang='lat' dir='ltr'>versus</span> <span class='ocrx_word' id='word_1_272' title='bbox 355 4210 475 4271; x_wconf 88' lang='lat' dir='ltr'>graecos</span> <span class='ocrx_word' id='word_1_273' title='bbox 496 4200 530 4252; x_wconf 92' lang='lat' dir='ltr'>et</span> <span class='ocrx_word' id='word_1_274' title='bbox 557 4191 725 4273; x_wconf 84' lang='lat' dir='ltr'>explicandi</span> <span class='ocrx_word' id='word_1_275' title='bbox 752 4203 782 4254; x_wconf 88' lang='lat' dir='ltr'>et</span> <span class='ocrx_word' id='word_1_276' title='bbox 806 4190 959 4274; x_wconf 89' lang='lat' dir='ltr'>pangendi</span> <span class='ocrx_word' id='word_1_277' title='bbox 985 4191 1072 4271; x_wconf 83' lang='lat' dir='ltr'>(quae</span> <span class='ocrx_word' id='word_1_278' title='bbox 1090 4190 1192 4252; x_wconf 90' lang='lat' dir='ltr'>crebra</span> <span class='ocrx_word' id='word_1_279' title='bbox 1214 4189 1272 4252; x_wconf 84' lang='lat' dir='ltr'>fuit</span> <span class='ocrx_word' id='word_1_280' title='bbox 1292 4189 1405 4252; x_wconf 84' lang='lat' dir='ltr'>valenti</span> 
     </span>
     <span class='ocr_line' id='line_1_30' title="bbox 148 4291 1405 4375; baseline 0.002 -21"><span class='ocrx_word' id='word_1_281' title='bbox 148 4291 292 4356; x_wconf 81' lang='lat' dir='ltr'>relaxatio</span> <span class='ocrx_word' id='word_1_282' title='bbox 313 4292 389 4356; x_wconf 86' lang='lat' dir='ltr'>sicut</span> <span class='ocrx_word' id='word_1_283' title='bbox 416 4294 567 4356; x_wconf 87' lang='lat' dir='ltr'>emorienti</span> <span class='ocrx_word' id='word_1_284' title='bbox 595 4293 700 4356; x_wconf 90' lang='lat' dir='ltr'>ultima</span> <span class='ocrx_word' id='word_1_285' title='bbox 726 4293 902 4374; x_wconf 88' lang='lat' dir='ltr'>consolatio)</span> <span class='ocrx_word' id='word_1_286' title='bbox 932 4292 1099 4358; x_wconf 82' lang='lat' dir='ltr'>Praxiteleo</span> <span class='ocrx_word' id='word_1_287' title='bbox 1126 4293 1255 4375; x_wconf 85' lang='lat' dir='ltr'>quodam</span> <span class='ocrx_word' id='word_1_288' title='bbox 1282 4292 1405 4374; x_wconf 84' lang='lat' dir='ltr'>perfusa</span> 
     </span>
     <span class='ocr_line' id='line_1_31' title="bbox 149 4397 337 4459; baseline 0.005 -2"><span class='ocrx_word' id='word_1_289' title='bbox 149 4407 211 4458; x_wconf 87' lang='lat' dir='ltr'>erat</span> <span class='ocrx_word' id='word_1_290' title='bbox 231 4397 337 4459; x_wconf 85' lang='lat' dir='ltr'>nitore.</span> 
     </span>
    </p>

    <p class='ocr_par' dir='ltr' id='par_1_8' title="bbox 234 4497 1402 4579">
     <span class='ocr_line' id='line_1_32' title="bbox 234 4497 1402 4579; baseline 0.001 -20"><span class='ocrx_word' id='word_1_291' title='bbox 234 4499 322 4560; x_wconf 89' lang='lat' dir='ltr'>huius</span> <span class='ocrx_word' id='word_1_292' title='bbox 333 4497 421 4579; x_wconf 76' lang='lat' dir='ltr'>igitrrr</span> <span class='ocrx_word' id='word_1_293' title='bbox 432 4499 506 4558; x_wconf 90' lang='lat' dir='ltr'>tanti</span> <span class='ocrx_word' id='word_1_294' title='bbox 517 4497 570 4560; x_wconf 86' lang='lat' dir='ltr'>viri</span> <span class='ocrx_word' id='word_1_295' title='bbox 581 4497 717 4579; x_wconf 85' lang='lat' dir='ltr'>vestigiis,</span> <span class='ocrx_word' id='word_1_296' title='bbox 733 4497 830 4578; x_wconf 91' lang='lat' dir='ltr'>quoad</span> <span class='ocrx_word' id='word_1_297' title='bbox 845 4499 908 4560; x_wconf 89' lang='lat' dir='ltr'>eius</span> <span class='ocrx_word' id='word_1_298' title='bbox 922 4498 1036 4574; x_wconf 74' lang='lat' dir='ltr'>licebat,</span> <span class='ocrx_word' id='word_1_299' title='bbox 1051 4499 1185 4562; x_wconf 86' lang='lat' dir='ltr'>insistere</span> <span class='ocrx_word' id='word_1_300' title='bbox 1193 4498 1250 4561; x_wconf 92' lang='lat' dir='ltr'>hoc</span> <span class='ocrx_word' id='word_1_301' title='bbox 1261 4497 1402 4562; x_wconf 86' lang='lat' dir='ltr'>volumen</span> 
     </span>
    </p>
   </div>
   <div class='ocr_carea' id='block_1_8' title="bbox 0 0 1765 5075">
    <p class='ocr_par' dir='ltr' id='par_1_9' title="bbox 0 0 1765 5075">
     <span class='ocr_line' id='line_1_33' title="bbox 0 0 1765 5075; baseline 0 0"><span class='ocrx_word' id='word_1_302' title='bbox 0 0 1765 5075; x_wconf 95' lang='lat' dir='ltr'> </span> 
     </span>
    </p>
   </div>
  </div>
 </body>
</html>
