3500 5075
347 305 407 366 136
820 311 849 360 Ἰδ.
867 302 1112 362 EMPEDOOLES

343 482 431 536 τοῦτο
443 480 539 543 καλῶς
556 475 631 548 λέγει
648 467 684 532 Ἐ.
696 468 819 547 ποιήσας
831 467 840 492 ⁴
850 467 940 532 οὕτω
951 505 986 516 -
997 467 1141 542 ἐλαίας’.
1168 469 1203 532 τό
1222 493 1253 532 τε
1266 471 1323 548 γάρ
1335 467 1408 534 ωἰόν
1423 469 1516 547 κόημά
1534 475 1600 537 ἐστι

342 567 392 621 καί
409 557 441 620 ἐκ
458 582 536 628 τινος
554 554 643 618 αὐτοῦ
659 562 786 633 γίγνεται
803 558 838 616 τό
856 562 947 629 ζῶιον
968 556 1002 617 τό
1026 560 1057 618 δέ
1072 557 1178 618 λοιπόν
1200 554 1303 632 τροφέ,
1323 563 1374 617 καί
1388 557 1423 618 ἐκ
1439 565 1492 620 τοῦ
1508 564 1599 634 σπέρ·

343 668 437 718 ματος
452 650 502 704 καί
519 643 552 703 ἐκ
568 647 675 718 μέρους
691 646 819 717 γίγνεται
836 641 872 702 τό
889 639 1047 716 φυόμενον,
1064 641 1100 702 τό
1117 646 1148 702 δέ
1165 641 1271 702 λοιπόν
1288 641 1381 718 τροφὴ
1399 649 1527 720 γίγνεται
1544 657 1601 710 τῶι

342 737 472 808 βλαστῶι
489 735 539 790 καί
556 739 603 803 τῆι
620 729 695 804 ρίζηι
712 733 757 800 τιῖι
774 727 895 803 πρῶτηι.
932 729 1050 800 [Philop.
1062 729 1198 785 adh.1.f.
1210 735 1242 786 31
1261 730 1337 803 λέγει
1353 730 1384 789 δέ
1400 729 1507 803 μικρά
1524 736 1599 794 δέν·

307 876 310 882 ,
343 823 360 875 δ
365 838 428 888 ρεα
446 821 513 883 [καί]
531 814 659 882 ἐλαίας
677 810 729 881 τάς
740 809 867 886 πυράνας
886 805 928 872 ῶν
944 810 980 873 τό
999 809 1191 888 περικάρπιον
1199 813 1345 886 ἐσθίομεν.
1374 808 1439 874 άντί
1455 825 1527 891 γοῦν
1543 826 1599 883 τοῦ

344 903 436 962 εἰπεῖν
448 897 456 921 ‘
467 894 559 960 οὕτω
577 895 614 960 τά
632 899 731 970 δένδρα
750 897 780 956 αἱ
796 897 892 957 ἐλαῖαι
909 903 1047 971 γεννῶσιν
1065 897 1172 966 ἐλαίας,
1194 891 1236 958 ὧν
1252 899 1283 957 az
1299 905 1422 973 πυρῆναι
1438 902 1471 962 ἐν
1488 911 1533 978 τη”ι
1550 914 1598 981 γηι

344 997 499 1062 σπαρεῖσαι
517 990 636 1057 πρῶτον
658 985 713 1055 μέν
728 986 859 1058 γίνονται
883 980 914 1051 ἐξ
930 977 1027 1042 αότῶν
1046 981 1135 1058 μικρά
1157 983 1267 1058 δένδρα,
1290 978 1351 1044 εἶθ’
1375 979 1468 1057 οότως
1489 987 1598 1050 ἐλαῖαι’

343 1068 423 1132 είπεν
437 1065 545 1131 ιοὕτω
563 1065 589 1128 δ’
609 1062 789 1127 ιάιοτοκεῑ’
872 1069 973 1142 δένδρα
991 1071 1022 1129 δέ
1042 1069 1130 1141 μικρά
1147 1065 1285 1129 ἐκάλεσεν
1302 1064 1399 1141 αάτάς,
1417 1065 1463 1133 ότι
1479 1071 1598 1147 δυνάμει

343 1157 444 1231 δένδρα
463 1155 560 1222 ἐστίν]
594 1155 745 1228 Tuom
758 1170 831 1210 οοσε.
842 1154 928 1225 plant.
939 1155 970 1209 A
983 1160 1034 1222 7,1
1054 1153 1090 1215 τά
1108 1155 1138 1214 δέ
1156 1156 1308 1227 σπέρματα
1320 1155 1439 1216 πάντων
1454 1154 1513 1232 ἔχει
1529 1161 1596 1221 τινά

342 1240 454 1315 τροφὴν
472 1240 505 1300 ἐν
517 1239 623 1308 αὑτοῖς,
642 1234 910 1313 ἣσυναποτίκτεται
927 1242 973 1308 τῆι
990 1233 1075 1314 άρχῆι
1085 1236 1222 1312 καθάπερ
1232 1240 1265 1300 ἐν
1275 1252 1338 1310 τοῖς
1350 1234 1438 1310 ωἰοῖς
1455 1234 1482 1312 ἧι
1493 1249 1543 1302 καί
1561 1239 1598 1305 οά

340 1332 439 1395 κακῶς
450 1319 638 1398 Ἐμπεδοκλῆς
656 1323 752 1398 εἴρηκε
764 1320 886 1392 φάσκων
898 1317 1087 1383 ῶιοτοκεῖν
1103 1325 1222 1397 μακρά
1235 1326 1390 1398 δένδρεα·
1408 1325 1596 1404 παραπλήσια

341 1410 399 1486 γάρ
417 1417 477 1470 τῶν
501 1406 675 1486 σπερμάτων
697 1405 714 1483 ἢ
738 1405 821 1483 φάσις
842 1418 905 1476 τοῖς
923 1403 1011 1476 ωἰοῖς.
1045 1410 1090 1465 Ex
1105 1411 1158 1466 Ar.
1175 1418 1208 1466 ut
1223 1411 1280 1467 vid,
1297 1411 1426 1468 Νἰοοίοσε
1442 1414 1477 1470 de
1492 1415 1597 1485 plantis

341 1502 392 1554 αδ
409 1514 437 1568 p.
452 1502 492 1565 11,
506 1501 537 1553 13
555 1498 649 1570 Meyer
666 1496 789 1566 διἀῖδηαε
806 1495 871 1551 bene
888 1495 1034 1552 Δδηιοοίῖε
1054 1495 1126 1564 quod
1143 1496 1254 1552 ονδοναι
1270 1497 1344 1551 altae
1355 1497 1450 1566 φολίσι
1463 1505 1600 1570 oemunt

342 1583 427 1654 [quod
444 1582 528 1640 foedo
544 1581 734 1652 pessumdedit
750 1597 864 1652 graecus
882 1597 909 1651 q.
926 1581 954 1636 d.
970 1580 1058 1636 Arist.
1076 1579 1111 1637 δε
1125 1581 1228 1651 plantis
1245 1596 1272 1650 p.
1289 1584 1403 1648 817136]
1421 1581 1457 1638 ef.
1473 1585 1504 1639 A
1516 1589 1548 1640 ῖδ
1565 1603 1594 1656 p.

341 1672 384 1736 95,
395 1671 428 1722 20
437 1683 500 1738 sqq.

496 1775 583 1837 οὕτω
608 1764 642 1836 δ’
669 1774 829 1836 ιδιοτοκεῖ
845 1774 956 1857 μακρὰ
980 1769 1118 1856 δένδρεα
1141 1780 1278 1857 πρῶτον
1301 1770 1427 1850 ἐλαίας.

445 1891 458 1943 1
476 1886 573 1960 μακρά
585 1885 723 1956 Theophr.
731 1885 783 1940 Ar.
796 1885 816 1939 Z
827 1884 929 1941 Μυσία
941 1882 1030 1956 μικρά
1041 1885 1093 1940 Ar.
1102 1884 1172 1941 PSY
1182 1885 1304 1956 Philop.;
1316 1887 1457 1958 intellege:
1469 1905 1483 1944 α
1493 1890 1596 1946 mine

339 1988 427 2043 parvo
445 1987 562 2042 ωσητιοε
579 1971 690 2026 arbores
707 1973 873 2025 ιποεοιιπδαν
924 1966 1019 2042 ἐλαίης
1036 1969 1158 2040 Scaliger

809 2126 842 2177 80

442 2208 530 2264 Ρτοτ.
543 2207 653 2274 Quaest.
665 2222 746 2263 conv.
758 2207 785 2264 V
797 2212 821 2274 8,
833 2212 849 2262 2
860 2122 989 2276 [όέἐδξύ
1000 2122 1108 2266 2τῖάντεά
1109 2129 1169 2278 1μέν
1187 2199 1239 2266 οὖν
1250 2203 1360 2280 ἔφαμεν
1376 2202 1457 2282 ἡμεῖς
1466 2213 1594 2284 μετρίως

340 2292 487 2366 λέγεσθαι·
505 2295 559 2352 ταῶ
575 2285 603 2349 δ’
617 2284 837 2363 Ἐμπεδοκλέους
855 2287 1006 2364 εἰρηκότος

494 2402 625 2463 οὕνεκεν
649 2400 811 2482 ὀψίγονοί
832 2420 869 2462 τε
894 2396 989 2463 σίδαι
1010 2401 1067 2462 καί
1083 2398 1278 2486 ὑπέρφλοια
1300 2397 1390 2486 μῆλα

340 2511 376 2573 τό
393 2514 447 2586 μέν
464 2517 523 2573 τῶν
542 2517 628 2572 σιδῶν
644 2511 787 2572 ἐπίθετον
804 2522 892 2581 νοεῖν,
911 2505 956 2571 ότι
972 2516 1025 2571 τοῦ
1037 2508 1228 2587 φθινοπώρου
1245 2509 1385 2588 λη’γοντος
1402 2511 1452 2590 ἢδη
1468 2522 1518 2577 καί
1535 2523 1597 2577 τῶν

338 2594 496 2672 καυμάτων
506 2600 729 2671 μαραινομένων
746 2597 916 2657 ἐκπέττουσι
932 2595 986 2656 τόν
1003 2594 1133 2671 καρπόν·
1152 2594 1261 2673 άσδενῆ
1272 2597 1329 2673 γάρ
1342 2594 1437 2660 αὐτῶν
1448 2600 1500 2675 τὴν
1510 2598 1596 2677 όεγρό·

338 2706 410 2759 τητα
426 2688 476 2743 καί
493 2687 633 2759 γλίσχραν
651 2675 741 2743 οὖσαν
760 2676 813 2742 οάκ
829 2682 874 2743 έάι
886 2688 988 2759 λαβεῖν
999 2678 1136 2742 σάστασιν
1154 2680 1170 2741 ό
1189 2678 1306 2757 ἥλιος..
1321 2683 1377 2745 .τά
1394 2687 1424 2745 δέ
1440 2691 1515 2758 μῆλα
1526 2682 1596 2746 καθ’

338 2763 436 2839 ἥντινα
455 2764 584 2829 διάνοιαν
603 2764 619 2828 ό
644 2766 737 2843 σοφός
759 2764 961 2842 ὕπέρφλοια
985 2764 1187 2842 προσειρήκοι,
1208 2775 1418 2841 διαπορεῖν...
1434 2776 1597 2843 (sequuntur

338 2854 371 2910 fr.
386 2858 540 2921 148-150).
575 2860 600 2910 δ.
618 2849 753 2921 εἰπόντος
771 2844 823 2911 οὖν
839 2851 914 2913 ἐμοῦ
929 2858 1030 2923 ταῦτα,
1048 2857 1245 2927 γραμματικοί
1266 2874 1342 2921 τινες
1363 2850 1476 2926 ἐφασαν
1492 2850 1596 2928 όπέρ·

339 2945 448 3012 φλοια
465 2939 598 3013 λελέχθαι
615 2937 651 2999 τά
669 2943 744 3011 μῆλα
762 2936 806 2997 διά
825 2936 877 3013 τὴν
894 2932 1001 3012 άκμὴν·
1018 2937 1053 2997 τό
1072 2938 1131 3013 γάρ
1148 2937 1224 3013 άγαν
1236 2932 1374 3011 άκμάζειν
1384 2944 1434 2997 καί
1445 2942 1597 3013 τεθηλέναι

339 3028 452 3096 φλοίειν
468 3024 526 3083 ὑπό
545 3029 605 3083 τῶν
621 3028 749 3097 ποιητῶν
766 3023 902 3098 λέγεσθαι
920 3026 1050 3090 (citantur
1066 3024 1252 3082 Antimachus
1269 3033 1297 3081 et
1312 3026 1432 3094 Aratus,
1454 3021 1597 3095 Διόνυσος

340 3113 464 3177 Φλοῖος).
499 3108 561 3168 ἐπεί
578 3112 677 3167 τοίνυν
693 3105 816 3180 μάλιστα
835 3114 894 3167 τῶν
913 3112 1035 3179 καρπῶν
1052 3103 1069 3180 ἢ
1089 3105 1239 3182 χλωρότης
1255 3114 1305 3167 καί
1320 3110 1356 3167 τὸ
1374 3111 1525 3184 τεθηλέναι
1542 3118 1596 3170 τῶι

337 3188 428 3267 μήλωι
454 3194 614 3265 παραμένει
638 3189 864 3267 όπέρφλοιον
886 3188 957 3253 αὐτό
981 3192 1033 3252 τόν
1053 3188 1218 3267 φιλόσοφον
1237 3202 1481 3269 προσαγορεῦσαι.
1514 3205 1596 3268 Δαμ-

339 3282 427 3350 πρίας
443 3272 472 3337 δ’
491 3274 507 3337 ό
526 3274 646 3346 πάππος
662 3274 763 3351 ἡμῶν.
778 3273 883 3350 ,ἔδρα
901 3273 1013 3337 τοίνυν’
1031 3275 1084 3353 ἐφη
1096 3275 1146 3353 “μη“
1165 3277 1241 3352 πρός
1257 3285 1345 3339 τοῦτο
1356 3285 1468 3351 μᾶλλον
1486 3276 1594 3353 όἘμπ.

340 3365 479 3437 πεποίηκε
498 3360 533 3423 τά
556 3362 693 3423 ἐπίθετον
720 3358 766 3423 ότι
789 3369 848 3423 τῶν
870 3361 966 3423 ἄλλων
991 3370 1115 3436 καρπῶν
1136 3364 1172 3423 τό
1200 3362 1309 3434 ἐξωδεν
1331 3361 1390 3425 όπό
1416 3372 1469 3427 τοῦ
1489 3374 1596 3442 φλοιοῦ

338 3451 611 3524 περιεχομένων...
625 3444 642 3508 ό
662 3454 715 3509 τοῦ
729 3446 821 3523 μήλου
839 3449 942 3523 φλοιός
958 3445 1042 3519 ἐντός
1058 3449 1128 3518 ἐστι,
1144 3447 1287 3525 κολλάδης
1301 3450 1392 3526 χιτῶν
1402 3456 1452 3512 καί
1462 3448 1594 3525 λιπαρός,

338 3526 374 3593 ὧι
391 3538 581 3609 προσίσχεται
598 3533 634 3594 τό
653 3535 776 3607 σπέρμα.
810 3534 845 3594 τό
865 3534 891 3593 δ’
911 3532 1049 3605 ἐδώδιμον
1066 3532 1175 3605 ἔξωθεν
1192 3531 1282 3595 αάτῶι
1299 3541 1501 3610 περικείμενον
1517 3534 1594 3597 είκό·

338 3642 395 3689 τως
411 3617 635 3695 ὓπέρφλοιον
652 3614 843 3692 ὠνόμασταί.

440 3731 504 3780 utut
521 3724 556 3780 (1ο
572 3723 712 3780 Plutarohi
735 3725 896 3794 quaestione
919 3724 1055 3779 iudioetur
1071 3726 1156 3795 (φῶσι
1177 3724 1323 3794 explioefio
1340 3727 1418 3782 vocis
1433 3719 1593 3797 όπέρφλοα,

338 3818 370 3865 ut
379 3810 612 3880 pronuntiandum
629 3826 681 3866 noe
692 3817 784 3867 tamen
797 3809 970 3867 seflbendum
989 3817 1039 3876 est,
1056 3811 1117 3866 εοίε
1126 3811 1261 3867 rationem
1278 3810 1375 3881 διαίνετο
1392 3819 1423 3866 at
1433 3810 1467 3867 ef.
1478 3810 1591 3868 Ιιοίνοςίτ

336 3894 435 3951 Rhem.
452 3911 479 3964 p.
498 3900 549 3961 ³1).
572 3895 767 3966 distinguenda
784 3902 849 3951 sunt
866 3897 942 3952 σίδαι
963 3895 1076 3965 (punica
1098 3896 1179 3961 mala)
1201 3902 1230 3953 et
1250 3900 1325 3968 μῆλα
1347 3896 1428 3962 (mala
1447 3896 1592 3967 vulgaria),

338 3996 409 4051 quae
425 3980 513 4051 vulgo
531 3980 704 4036 confundunt
720 3980 891 4051 interpretes
926 3981 962 4037 de
980 3981 1054 4037 σίδαι
1071 3980 1106 4036 οῖ.
1117 3980 1244 4038 Ηεῖιιείτε
1261 3981 1297 4037 οδ
1314 3980 1380 4037 Gall.
1392 3997 1419 4052 p.
1431 3986 1490 4037 24¹1.

810 4137 841 4188 81
863 4139 922 4201 [247
941 4134 985 4201 K„
1003 4137 1052 4189 221
1072 4134 1121 4198 St]

440 4216 748 4284 ἠρτυμένοισι
767 4218 887 4289 p.9120
909 4223 969 4276 τῶν
992 4211 1020 4275 δ’
1044 4210 1177 4292 ὀμβρίων
1198 4217 1234 4276 τό
1258 4216 1418 4290 εὔτρεπτον
1440 4216 1470 4275 αί
1492 4212 1592 4290 σήψεις

337 4308 560 4376 κατηγοροῦσιν,
586 4296 781 4375 εόσηπτοτέρα
807 4298 864 4376 γάρ
887 4301 946 4360 ἐστι
972 4308 1033 4361 τῶν
1058 4306 1210 4373 ποταμίων
1230 4308 1280 4361 καί
1301 4306 1494 4377 φρεατιαίων·
1520 4297 1537 4377 ἢ
1561 4304 1594 4363 δέ

338 4388 424 4459 πέψις
450 4384 543 4447 ἐοικεν
569 4384 642 4447 εἶναι
668 4392 753 4460 σῆψις
776 4382 816 4455 ῶς
837 4381 1025 4462 Ἐμπεδοκλῆς
1042 4398 1183 4459 μαρτυρεῖ
1198 4388 1290 4462 λέγων
1311 4384 1464 4456 (οἶνος-
1477 4381 1591 4462 ὕδωρ.

337 4473 405 4530 ibid.
418 4478 449 4529 31
468 4490 496 4544 p.
508 4473 588 4530 9190
611 4470 630 4545 ἢ
651 4468 752 4545 φό<σει
774 4470 933 4544 οηπτικόν)
953 4470 988 4530 τό
1015 4473 1131 4541 οίνῶδές
1153 4471 1230 4531 ἐστιν
1253 4467 1293 4543 ῶς
1314 4494 1399 4547 φησιν
1417 4467 1455 4533 Ἑ.
1490 4470 1593 4533 οἶνον
