3500 5075
354 322 417 383 208
878 324 919 376 10.
937 318 1085 376 ORATES

355 494 546 561 Φιλίππου.
591 492 757 571 πολλάκις
778 514 814 557 τε
837 501 895 579 τῆι
914 495 1097 580 βακτηρίαι
1118 492 1186 557 τῶν
1202 500 1366 576 συγγενῶν
1380 512 1477 567 τινας
1498 506 1607 576 προσ-

355 603 470 675 ιόντας
498 598 555 661 καί
585 598 846 682 ἀποτρέποντας
868 592 987 659 ἐδίωκε
1017 598 1074 659 καί
1095 592 1136 681 ἦν
1162 601 1323 679 γενναῖος.
1368 596 1456 682 φησί
1477 588 1515 655 δέ
1537 594 1609 676 Δη-

353 703 496 787 μήτριος
519 702 538 762 ό
561 700 704 784 Μάγνης
726 692 927 784 τραπεζίτηι
948 698 1016 761 τινί
1035 699 1355 784 παρακαταθέσθαι
1374 699 1414 760 τδ
1438 696 1610 780 ἀργύριον,

356 804 572 882 συνθέμενον,
597 801 628 862 εί
642 801 703 878 μέν
719 801 753 863 οί
768 796 893 875 παῖδες
908 796 1045 863 ίδιῶται
1059 801 1244 886 γενηθεῖεν,
1268 803 1385 875 αὐτοῖς
1400 792 1610 860 ἀποδοῦναι·
1733 838 1735 910 η

318 907 386 969 bel
409 902 445 969 δὲ
462 902 662 992 φιλόσοφοι,
686 908 749 964 τῶι
773 898 884 987 δήμωι
906 898 1092 981 διανεῖμαι·
1114 898 1258 988 μηδενός
1279 904 1341 988 γάρ
1365 901 1512 975 ἐκείνους
1534 894 1612 983 δεη-
1732 921 1735 978 3

356 1008 485 1070 σεσθαι
512 1002 798 1092 φιλοσοφοῦντας.
843 1000 1088 1089 Ἐρατοσθένης
1117 1000 1154 1067 δέ
1187 1021 1303 1090 φησιν,
1332 1001 1369 1081 ἐξ
1396 995 1611 1088 Ἱππαρχίας,

355 1109 437 1193 περί
459 1107 498 1194 ης
522 1102 669 1183 λέξομεν,
692 1110 870 1187 γευομένου
900 1102 1028 1181 παιδός
1050 1108 1156 1169 αὐτῶι
1179 1108 1286 1185 όνομα
1307 1104 1531 1182 Πασικλέους,
1555 1093 1609 1167 ὅτ’

356 1206 393 1286 έξ
408 1209 546 1295 ἐφήβων
561 1210 701 1290 ἐγένετο,
725 1208 860 1290 ἀγαγεῖν
884 1210 985 1271 αὐτόν
1007 1199 1065 1271 ἐπ’
1084 1207 1207 1292 οἴκημα
1222 1205 1407 1294 παιδίσκης
1429 1209 1486 1270 καί
1502 1208 1613 1292 φάναι

355 1318 474 1374 τοῦτον
491 1312 597 1374 αδτῶι
611 1317 787 1394 πατρῶιον
810 1308 900 1373 εῖναι
920 1312 979 1373 τδν
994 1312 1116 1391 γάμον·
1203 1312 1283 1386 τους
1305 1306 1341 1373 δέ
1356 1318 1423 1373 τῶν
1438 1311 1612 1389 μοιχευόν·
1623 1311 1664 1375 89

306 1423 335 1475 10
356 1435 422 1478 των
438 1416 630 1500 τραγικούς·
655 1413 764 1498 φυγάς
775 1406 873 1497 (γάρ)
886 1414 944 1474 καί
960 1414 1087 1498 φόνους
1101 1414 1189 1491 ἔχειν
1199 1409 1373 1475 έπαθλον·
1395 1414 1475 1487 τοάς
1491 1407 1528 1474 δέ
1543 1418 1613 1473 τῶν

357 1518 510 1600 ἑταίραις
526 1516 740 1600 προσιόντων
757 1516 941 1593 κωμικούς·
964 1510 1002 1591 έξ
1024 1514 1175 1591 ἀσωτίας
1196 1516 1259 1599 γὰρ
1281 1514 1339 1576 καί
1353 1515 1466 1599 μέθης
1486 1514 1614 1591 μανίαν

358 1612 625 1704 ἀπεργάζεσθαι.
674 1618 794 1679 τούτου
824 1621 938 1699 γέγονε
965 1615 1142 1703 Πασικλῆς
1171 1614 1330 1703 ἀδελφός,
1363 1617 1525 1701 μαθητὴς
1549 1615 1613 1677 Βύ-

357 1717 499 1783 κλείδου.
543 1721 658 1804 χάριεν
682 1707 712 1780 δ’
739 1720 844 1781 αὐτοῦ
865 1719 1068 1803 Φαβωρῖνος
1090 1721 1125 1781 ἐν
1153 1727 1218 1782 τῶι
1239 1714 1401 1803 δευτέρωι
1421 1725 1489 1780 τῶν
1507 1708 1613 1779 Ἀπο-

357 1822 641 1907 μνημονευμάτων
671 1825 777 1906 φέρει.
824 1822 911 1907 φησί
932 1824 1010 1907 γάρ·
1034 1819 1240 1907 παρακαλῶν
1267 1821 1349 1905 περί
1370 1840 1430 1883 του
1452 1821 1511 1882 τόν
1532 1839 1615 1901 γυμ-

309 1934 337 1987 15
358 1925 551 2009 νασίαρχον,
574 1930 641 1985 τῶν
665 1924 783 2001 ίσχίωυ
812 1925 918 1986 αὐτοῦ
936 1924 1078 2008 ἥπτετο·
1109 1924 1375 2006 ἀγανακτοῦντος
1398 1918 1435 1984 δέ
1457 1922 1541 2007 ἐφη·
1560 1911 1616 1982 ’τί

358 2028 439 2109 γάρ;
468 2025 541 2103 οὐχί
567 2024 624 2086 καί
653 2031 757 2087 ταῦτα
788 2026 830 2086 σά
854 2025 929 2087 ἐστι
949 2027 1110 2111 καθάπερ
1134 2026 1191 2088 καί
1213 2025 1254 2087 τά
1277 2026 1402 2106 γόνατα
1409 2012 1432 2100 ‚·’
1464 2020 1556 2105 ἐλεγέ
1578 2042 1615 2083 τε

360 2124 525 2190 ἀδύνατον
559 2124 648 2189 είυαι
680 2122 900 2191 ἀδιάπτωτον
934 2130 1059 2213 εὑρεῖν,
1093 2123 1173 2189 ἀλλ’
1206 2128 1323 2212 ὥσπερ
1357 2128 1393 2189 ἐν
1430 2128 1524 2209 ροιιῖι
1557 2126 1617 2186 καί

362 2231 495 2313 σαπρόν
511 2248 585 2290 τινα
608 2229 724 2290 κόκκον
740 2226 837 2292 εἶναι.
876 2228 1091 2315 Νικόδρομον
1106 2226 1308 2314 ἐξερεθίσας
1330 2230 1388 2290 τὸν
1402 2222 1616 2310 κιθαρωιδδν

359 2330 595 2414 ὑπωπιάσθη·
625 2330 796 2413 προσθείς
826 2331 885 2394 οδν
912 2334 1091 2395 πιττάκιον
1119 2339 1184 2394 τῶι
1208 2332 1375 2409 μετώπωι
1403 2332 1614 2414 ἐπέγραψεν.

308 2443 338 2493 20
356 2424 591 2516 “Νικόδρομος
606 2420 742 2494 enarer?
810 2434 872 2509 τάς
888 2437 1018 2519 πόρνας
1029 2429 1190 2518 ἐπίτηδες
1200 2429 1368 2517 ἐλοιδόρει
1380 2425 1615 2515 συγγυμνάζων
1627 2437 1671 2498 90

360 2536 479 2598 ἐαυτὸν
495 2534 583 2618 πρὸς
605 2534 666 2609 τάς
680 2531 912 2620 βλασφημίας.
957 2539 1153 2623 Δημήτριον
1175 2537 1234 2597 τὸν
1251 2531 1411 2620 Φαληρέα
1427 2539 1615 2617 πέμψαντα

361 2639 466 2700 αὐτῶι
489 2639 612 2721 ἀρτους
633 2638 690 2699 καί
713 2635 805 2700 οίνον
822 2634 996 2701 ὠνείδισεν
1018 2641 1140 2701 είπών·
1161 2630 1259 2701 “είθε
1280 2638 1342 2722 γὰρ
1366 2639 1404 2698 αί
1417 2644 1538 2723 κρῆναι
1557 2636 1616 2697 καί

361 2741 484 2825 ἀρτους
506 2736 656 2826 ἐφερυν.’
700 2735 800 2825 δῆλον
824 2739 882 2802 υδν
905 2742 951 2815 ὡς
972 2736 1063 2825 ὕδωρ
1087 2742 1211 2803 έπινεν.
1249 2741 1317 2801 ὑπὸ
1340 2747 1407 2802 τῶν
1425 2728 1616 2822 Ἀθήνησιν

361 2843 558 2920 ἀστυνόμων
574 2843 805 2926 ἐπιτιμηθείς,
830 2845 885 2904 ότι
908 2839 1045 2905 σινδόνα
1067 2843 1248 2927 ημφίεστο,
1271 2845 1339 2927 ἐφη
1358 2833 1436 2904 (καί
1457 2839 1617 2925 Θεόφρα-

309 2952 339 3003 25
361 2961 441 3007 στου
462 2946 541 3023 ὑμῖν
564 2939 664 3019 δείξω
685 2939 826 3006 σινδόνα
843 2935 1153 3029 περιβεβλημένοῖ.
1198 2945 1435 3006 ἀπιστούντων
1455 2938 1502 3020 δέ,
1526 2943 1616 3026 ἀπη-

361 3066 459 3128 γαγεν
488 3047 561 3108 ἐπί
577 3050 731 3130 κουρεῖον
760 3046 817 3108 καί
844 3041 952 3123 έδειξε
979 3047 1182 3130 κειρόμενον.
1233 3047 1269 3107 ἐν
1298 3045 1429 3130 Θήβαις
1456 3045 1526 3105 όπδ
1554 3049 1619 3106 τοῦ
1685 3119 1688 3123 ¹
1733 3110 1734 3113 χ

361 3149 609 3230 γυμνασιάρχου
625 3149 859 3229 μαστιγωθείς
883 3148 930 3224 (οί
954 3143 999 3225 δέ,
1022 3150 1058 3210 ἐν
1074 3148 1256 3232 Κορίνθωι
1276 3143 1339 3208 ὑπ’
1363 3147 1616 3231 Εὐθυκράτους)
1733 3210 1734 3225 η

362 3249 419 3310 καί
441 3244 619 3327 έλκόμενος
641 3257 703 3312 τοῦ
723 3246 832 3324 ποδὸς
855 3247 1011 3331 ἐπέλεγεν
1035 3249 1287 3334 ἀφροντιστῶν·
1733 3230 1734 3293 λ

566 3349 639 3413 έλκε
662 3347 771 3426 ποδὸς
792 3352 940 3433 τεταγὼν
963 3347 1019 3413 διά
1042 3349 1150 3436 βηλοῦ
1169 3352 1388 3414 θεσπεσίοιο.

312 3461 342 3512 30
447 3449 595 3537 Διοκλῆς
619 3448 655 3515 δέ
679 3468 784 3536 φησιν
815 3449 980 3537 ἑλχθῆναι
1009 3455 1111 3515 αὐτὸν
1131 3455 1201 3516 ὑπὸ
1224 3448 1427 3537 Μενεδήμου
1450 3458 1513 3514 τοῦ
1527 3440 1616 3535 Ἐρε-
1627 3459 1668 3518 91

362 3562 486 3640 τρικοῖ.
531 3549 649 3639 ἐπειδη
673 3554 735 3636 γὰρ
759 3555 932 3639 εὐπρεπὴς
959 3549 999 3638 ἦν
1027 3556 1084 3617 καί
1112 3551 1223 3618 ἐδόκει
1243 3556 1458 3639 χρησιμεύειν
1477 3546 1617 3637 Ἀσκλη-

364 3652 488 3741 πιάδηι
509 3663 573 3718 τῶι
590 3652 772 3732 Φλιασίωι,
797 3657 976 3736 ἁψάμενος
991 3658 1097 3718 αὐτοῦ
1116 3665 1183 3719 τῶν
1197 3664 1313 3742 μηρῶν
1337 3657 1355 3716 ό
1372 3657 1509 3738 Κράτης
1530 3655 1616 3738 ἐφη·

468 3807 480 3857 1
501 3803 654 3868 Φιλίππου]
673 3803 707 3858 V.
730 3803 765 3858 de
782 3803 936 3871 Maroneae,
958 3804 1032 3860 unde
1053 3803 1229 3876 Hipparehia‚
1252 3803 1359 3859 excidio
1376 3802 1498 3870 Ιλτ.111,
1516 3807 1557 3859 16.
1574 3808 1619 3870 39,

364 3890 397 3940 34
465 3887 757 3960 Βποιρακαταθέοθαι
774 3887 812 3942 F:
831 3891 1126 3959 παρακατατίθεσθαι
1142 3889 1189 3945 ΡΒ
1269 3893 1286 3942 4
1305 3894 1470 3960 γεινηθεῐεν
1485 3888 1547 3944 PB:
1570 3889 1618 3960 γέ·

364 3990 470 4029 νωνται
487 3971 517 4039 F,
535 3973 608 4029 unde
625 3972 756 4046 γένοιντο
775 3971 864 4029 Cobet
934 3977 965 4029 10
984 3970 1137 4047 τραγικοδς
1153 3975 1219 4041 (eeil.
1237 3967 1358 4046 γάμους)
1409 3971 1466 4047 γάρ
1483 3974 1548 4029 εδδ.
1560 3975 1620 4031 Wi-

362 4055 425 4114 lam.
478 4053 591 4116 ἔπαθλα
610 4057 701 4114 Cobet
779 4062 808 4113 12
828 4052 934 4116 τούτου
951 4058 1069 4115 Cratetis
1144 4064 1184 4114 12.
1199 4062 1229 4113 13
1250 4050 1404 4116 Είυιλείόου
1419 4075 1471 4128 pro
1489 4062 1620 4118 Διοκλεί-

363 4149 414 4201 δου
431 4151 480 4200 aut
496 4143 636 4213 scriptoris
654 4149 702 4199 aut
719 4143 825 4199 ecrr'bae
846 4160 939 4199 errore
955 4144 1076 4213 pesitum
1099 4150 1142 4198 eet
1157 4143 1191 4198 εί.
1209 4143 1336 4198 Zellerll
1349 4148 1372 4208 1,
1385 4147 1449 4199 247³
1536 4150 1569 4200 13
1586 4143 1621 4202 ἐν

363 4233 416 4284 τῶι
426 4228 466 4282 eie
476 4227 546 4282 BPF
612 4225 957 4293 11τουτδν1τούτωυΒ
1030 4221 1586 4300 16ιάγόυαια1εάλείευμμίεαιειεκι

365 4317 395 4366 17
415 4309 493 4384 βοιᾶι
505 4315 562 4377 καὶ]
580 4309 664 4386 βόεια
675 4314 699 4367 Β
769 4316 800 4367 18
808 4329 868 4383 sqq.
886 4313 923 4368 εδ
935 4313 1074 4369 Socratem
1085 4313 1215 4368 trmefert
1226 4311 1351 4377 Basilius,
1369 4313 1405 4368 εδ
1422 4314 1620 4372 Antisthenem

366 4395 515 4466 Gregorius
533 4397 606 4463 Nar..
623 4396 660 4451 εδ
677 4397 831 4466 Diogenem
848 4400 974 4469 cynicum
991 4397 1051 4469 ipse
1062 4397 1187 4453 Laertius
1198 4395 1239 4453 VI
1251 4399 1283 4450 33
1353 4401 1386 4451 15
1403 4393 1549 4470 ἐπήγαγεν
1560 4401 1584 4455 Β

366 4483 398 4533 26
416 4477 463 4536 ἐπί
481 4476 551 4535 zar
620 4485 653 4536 30
673 4475 689 4538 δ
707 4479 819 4553 διδκλης
835 4482 858 4536 Β
928 4486 960 4537 32
979 4477 1174 4554 ἀφαψάμευος
1190 4483 1227 4549 Β;
1244 4482 1309 4538 fore
1327 4480 1518 4555 ἐφαψάμενος
