3500 5075
522 316 555 372 Β.
573 316 630 372 FR.
644 322 786 373 iii-130.
821 317 992 373 linearem
1322 319 1385 378 159

235 496 265 547 le
285 489 398 568 θυμόν
421 490 701 577 ἀπορραίσαντας
723 487 879 570 διίδμεναι
900 497 962 577 ήέα
984 498 1072 576 γυῖα.

235 622 267 672 10
285 617 526 692 α’πορραίσαντας
537 621 603 678 Eua.
616 622 692 695 Cyn:
711 614 928 695 ιῖπορρίοαντες
943 622 1046 694 Porph.
1090 621 1219 695 ἐὲδμεναι
1232 623 1308 693 cys:
1326 622 1384 682 ἐέλ-

130 721 214 772 μεναι
226 702 343 774 Poma:
361 698 476 773 ἔδμεναι
492 707 547 770 (vel
559 702 685 776 ἔσμεναι)
697 707 776 776 Ευε.;
794 707 923 777 ἐίδμεναι
940 707 1070 778 explieari
1086 712 1192 780 nequit.
1210 702 1385 780 α’πορραίειν

131 807 163 844 τε
180 791 228 845 καί
242 783 356 858 ἔδμεναι
366 789 511 857 Heindorf,
529 793 635 848 eenieie
653 790 806 862 ἐνέδμεναι,
824 793 877 850 etsi
894 794 931 849 sd
947 790 1090 868 ἐμφαγεῖν
1105 811 1235 865 praesens
1251 794 1318 851 alibi
1329 811 1384 850 nen

130 871 271 928 invenitur
323 869 374 944 ήὲα
393 874 500 946 Vigier:
518 873 565 947 ἤια
582 876 684 948 Porpb.
703 878 777 944 (Eue.
791 877 864 950 (lyr.)

512 1118 561 1169 129
579 1118 724 1179 [iio—445
742 1113 786 1184 K„
803 1117 941 1170 415-420
960 1113 1009 1180 St]

232 1195 341 1252 Porrn.
353 1197 387 1253 V.
399 1197 481 1270 Pyth.
494 1202 527 1254 30
545 1192 633 1266 αότός
644 1197 674 1256 δὲ
685 1198 877 1270 (Pythagorae
895 1203 944 1270 τῆς
960 1203 1013 1256 τοῦ
1023 1198 1134 1266 παντὸς
1145 1194 1287 1273 ἁρμονίας
1298 1192 1384 1272 ἠκρο-

130 1286 185 1340 ᾶτο
199 1285 301 1348 συνιείς
313 1286 362 1353 τῆς
373 1287 530 1354 καδολιιιῆς
541 1286 600 1341 τῶν
612 1288 744 1356 σφαιρῶν
753 1287 803 1341 καί
815 1286 874 1342 τῶν
884 1275 954 1341 κατ’
965 1276 1054 1351 αι’πὰς
1064 1284 1241 1353 κινουμένων
1252 1276 1384 1356 όστέρων

130 1361 280 1439 ἁρμονίας,
298 1357 331 1440 ἧς
347 1361 421 1438 ἡμᾶς
441 1364 480 1438 μή
503 1361 621 1427 α’κοόειν
644 1364 688 1428 διὰ
712 1367 890 1440 σμικρότητα
912 1372 962 1440 τῆς
986 1363 1106 1441 φύσεως.
1141 1365 1256 1437 τείποις
1276 1372 1327 1426 καί
1344 1362 1382 1423 Ἐ.

129 1462 270 1527 μαρτυρεῖ
285 1452 377 1525 λόγων
388 1455 454 1523 περί
466 1445 568 1512 αὐτοῦ·
583 1445 641 1526 ‘riv
652 1466 686 1494 —·-
698 1445 907 1512 αίῶνεσσιν’.
941 1449 977 1510 τό
990 1452 1047 1526 γὰρ
1064 1449 1237 1525 περιώσια
1253 1457 1303 1512 καί
1314 1458 1383 1512 τῶν

131 1533 246 1595 όντων
258 1532 439 1609 (πόντων)
456 1533 673 1596 ίεόσσεσκεν
686 1535 820 1596 ἕκαστα
837 1541 1089 1611 καδπραπίδαιν
1106 1541 1262 1597 πλοῦτον
1278 1541 1328 1596 καί
1345 1537 1381 1598 τό

129 1615 248 1679 ἐοικότα
259 1615 419 1696 δμφαντικᾶ
436 1617 561 1694 μάλιστα
578 1628 628 1691 τῆς
644 1621 792 1696 ἐξαιρέτου
807 1625 856 1680 καί
867 1619 1078 1696 ἀκριβεστέρας
1093 1619 1174 1694 παρὰ
1192 1621 1261 1691 τούς
1278 1619 1383 1690 ἄλλους

130 1705 348 1779 διοργανιόσεας
365 1703 397 1766 ἔν
414 1727 446 1765 τε
464 1709 516 1765 τῶι
534 1701 609 1778 δρᾶν
626 1711 674 1765 καί
691 1713 744 1765 τῶι
761 1702 877 1765 α’κοόειν
894 1711 943 1764 καί
960 1711 1013 1764 τῶι
1029 1717 1109 1766 νοεῖν
1126 1713 1179 1766 τοῦ
1196 1705 1380 1782 Πυθαγόρου.

129 1791 203 1848 idem
220 1791 278 1848 fere
295 1809 330 1848 ex
347 1793 445 1850 eedem
462 1793 630 1850 Nieomsehe
648 1793 792 1862 descripsit
807 1791 904 1849 Iambl.
921 1793 955 1848 V.
967 1793 999 1848 P.
1012 1797 1044 1847 15
1060 1809 1088 1862 p.
1101 1797 1132 1848 ei
1205 1798 1256 1849 1.2
1273 1793 1381 1848 Lam

130 1876 198 1934 viii
211 1880 243 1932 54
262 1877 305 1943 [ei.
323 1880 352 1933 A
366 1882 389 1933 1.
406 1895 434 1948 p.
447 1882 488 1948 75,
502 1882 543 1943 17]
562 1882 726 1948 μεμνῆσθαι
742 1878 771 1936 ei
787 1881 836 1934 καὶ
849 1872 940 1936 αότδν
951 1874 1129 1950 Πυθαγόρου
1142 1876 1264 1949 λέγοντα
1279 1867 1314 1951 ‘aff
1319 1899 1337 1934 ν
1347 1908 1382 1918 -

129 1955 308 2029 πλοῦτον’,
327 1962 354 2020 σί
371 1963 505 2022 δὲταῦτα
524 1963 564 2030 είς
581 1965 763 2037 Παρμενίδην
780 1955 871 2020 αὐτόν
888 1961 981 2033 λέγειν
997 1957 1197 2034 ἀναφέροντα·

282 2063 323 2152 ήν
345 2064 384 2131 δέ
404 2091 458 2146 τις
479 2072 514 2134 δν
536 2073 698 2134 κείνοισιν
720 2071 803 2156 ἀνήρ
827 2073 998 2155 περιώσια
1023 2066 1133 2147 εἰδώς,

283 2171 321 2246 δς
344 2166 383 2242 δή
406 2172 569 2256 μήκιστον
591 2169 776 2258 πραπίδων
799 2174 962 2258 ἐκτήσατο
986 2169 1135 2233 πλοῦτον

283 2276 457 2337 παντοίων
479 2295 516 2336 τε
537 2274 686 2354 μάλιστα
704 2283 821 2361 σοφῶν
844 2276 1031 2361 ἐπιήρανος
1053 2275 1174 2358 ἔργων·

282 2375 417 2437 ὁππότε
439 2377 501 2460 γὰρ
526 2378 693 2461 πόσηισιν
716 2374 871 2462 δρέξαιτο
894 2372 1140 2462 πραπίδεσσιν,

246 2476 357 2560 δρεῑιί
379 2485 505 2559 γυπῶν
528 2478 635 2542 όντων
654 2480 793 2542 πάντων
816 2477 1013 2543 λεόσσεσκεν
1035 2480 1177 2541 ἕκαστον

282 2581 339 2642 καί
360 2600 397 2643 τε
420 2570 487 2643 δέκ’
513 2582 710 2667 ἀνθρώπων
732 2583 790 2644 καί
810 2573 843 2642 τ’
869 2580 997 2643 εἴκοσιν
1019 2583 1202 2644 αίώνεσσιν

232 2712 246 2762 1
264 2710 410 2777 κείνοισιν,
427 2710 544 2768 fortasse
561 2712 644 2769 esstis
660 2712 728 2767 viris
744 2712 835 2782 priseo
851 2726 931 2768 mere
946 2711 983 2768 ab
1000 2712 1163 2768 animalibus
1180 2707 1381 2766 abstinentibus

128 2798 154 2848 ι.
166 2798 182 2848 e
194 2794 319 2851 ordinem
330 2797 450 2851 mutavit
461 2795 537 2853 stein
547 2796 660 2865 frustm
672 2796 722 2851 sen
734 2802 749 2851 s
762 2793 797 2855 ιδ
808 2789 934 2867 μάλιστα
945 2796 1063 2853 forense
1074 2803 1148 2853 rests
1159 2793 1253 2865 Bergk
1288 2799 1303 2848 τ
1321 2786 1380 2866 ῥεῖ’

130 2868 1378 2951 δμωωωώωαπωειπωωψπωωωψω

128 2962 211 3033 sadis
227 2964 338 3035 οἱαριιίσ
355 2982 535 3037 ςιιουσιααριω
551 2967 608 3023 eive
625 2966 714 3023 decem
729 2966 786 3021 eive
801 2966 901 3036 υἰρίοίί
912 2965 1053 3021 homerum
1069 2965 1184 3021 saeculis
1199 2964 1305 3034 fiebant
1317 2982 1380 3035 per·

127 3047 230 3118 spicere
246 3050 356 3105 εοίιδοδ.
391 3055 451 3108 τῶν
474 3048 569 3110 όντων
585 3054 603 3107 i.
620 3068 644 3108 e.
662 3055 721 3108 τῶν
740 3044 795 3108 ὅσα
812 3041 847 3122 ἦν
868 3053 919 3108 καί
936 3046 997 3108 ἔστι
1013 3050 1048 3107 ef.
1067 3050 1163 3123 Synes.
1181 3051 1217 3107 de
1233 3050 1342 3120 provie
1354 3053 1380 3117 2,

129 3135 144 3187 8
164 3124 183 3190 δ’
199 3153 246 3191 τοι
264 3132 376 3205 Σάμιος
387 3134 564 3209 Πυθαγόρας
581 3135 635 3195 τόν
652 3132 747 3209 σοφόν
764 3128 830 3193 ἄλλ’
848 3128 915 3194 οὐδὲ
931 3134 1064 3205 δεόμενα
1084 3130 1293 3208 [φιλοθεάμονό
1311 3151 1380 3191 eorr.

128 3216 269 3284 Petavins]
287 3238 374 3292 φησιν
391 3216 464 3279 εἶναι
481 3227 540 3279 τῶν
557 3242 589 3279 τε
602 3218 697 3280 όντων
713 3224 762 3278 καί
772 3220 933 3293 γινομένων
995 3224 1011 3275 δ
1028 3224 1078 3278 καί
1094 3216 1122 3277 τ’
1136 3220 1237 3290 duplex
1253 3220 1381 3289 praebuit

128 3301 211 3357 Hom.
229 3307 311 3371 ξδδδ
333 3306 367 3361 ab
428 3308 552 3363 similiter
567 3307 667 3363 meniis
684 3305 821 3363 infinitam
839 3306 897 3361 vim
920 3306 1088 3377 (philosophi
1104 3305 1207 3362 seilieet
1222 3320 1280 3361 non
1296 3305 1380 3372 veiis)

128 3385 305 3445 Parmenides
326 3391 466 3458 praedicat
481 3392 515 3446 ir.
532 3398 547 3448 2
570 3396 671 3450 λεῦσσε
694 3384 722 3448 δ’
741 3383 819 3459 ὅμως
837 3385 967 3449 όπεόντα
989 3384 1062 3447 νόωι
1079 3386 1229 3464 παρεόντα
1250 3391 1380 3462 βεβαίως

128 3476 188 3528 καί.
205 3472 280 3529 unde
297 3482 411 3544 apparet
427 3492 476 3532 enr
491 3476 615 3533 nonnulii
633 3476 824 3532 Parmeniden
847 3474 893 3532 bie
908 3476 1007 3545 respici
1024 3473 1146 3531 arbitrati
1164 3474 1227 3529 sint.
1261 3490 1313 3530 nee
1329 3474 1380 3529 du·

128 3555 204 3613 bium
222 3574 270 3614 eur
280 3558 457 3631 Pythagorae
473 3568 570 3631 qnater
580 3561 700 3617 redivivi
716 3561 820 3617 mentio
831 3559 905 3616 faeta
922 3561 960 3616 sit
976 3560 1020 3627 (ei.
1037 3558 1137 3616 Rebde
1152 3558 1256 3631 Ρερῶι
1267 3558 1308 3614 ΠΙ
1318 3559 1381 3623 411)
1398 3563 1414 3602 i

502 3795 972 3865 mmmmmmffl

233 3884 255 3935 1.
267 3885 283 3935 i
297 3880 399 3938 Senon
411 3882 470 3939 Nic.
480 3880 561 3939 Ther.
573 3886 623 3937 151
635 3898 662 3952 p.
672 3886 714 3949 36,
725 3886 758 3937 22
771 3878 807 3940 τιὶ
819 3879 902 3939 κτίλα
914 3880 962 3939 ἐπί
973 3884 1034 3938 τῶν
1044 3875 1160 3953 ἡμέραν
1169 3883 1220 3938 καί
1231 3882 1381 3937 τιδασσῶν

17 4040 24 4051 .
127 3966 243 4022 τίθεται
258 3968 308 4023 καί
325 3963 373 4024 ἐπὶ
390 3971 449 4025 τῶν
466 3971 515 4039 τῆς
532 3969 655 4039 ποίμνης
673 3968 900 4040 προηγουμένων
920 3970 1010 4037 κριῶν
1033 3971 1082 4024 καί
1099 3963 1147 4023 ἐπί
1163 3968 1222 4021 τῶν
1239 3966 1379 4033 ίιπαρῶν.

130 4040 146 4103 δ
165 4048 195 4106 δὲ
211 4042 248 4107 ’E-
265 4049 313 4107 ἐπὶ
331 4056 389 4109 τῶν
406 4046 521 4126 ἡμέραν
536 4056 586 4109 καί
603 4051 734 4124 πραέων·

280 4154 367 4243 ἦσαν
391 4156 427 4223 δὲ
449 4158 545 4224 κτίλα
569 4161 681 4221 πάντα
704 4159 761 4221 καί
783 4160 1007 4245 ἀνθρώποισι
1028 4164 1194 4243 προσηνῆ,

281 4262 388 4347 θῆρές
410 4253 444 4324 τ’
469 4263 589 4326 οίωνοί
610 4281 656 4338 τε,
680 4258 917 4347 φιλοφροσύνη
941 4280 977 4322 τε
1000 4255 1123 4344 δεδήει.

233 4394 246 4447 1
264 4380 338 4464 η’σαν
355 4404 385 4463 δὲ
402 4395 468 4451 KV:
490 4386 562 4467 ἦσαν
585 4392 615 4450 δὲ
635 4394 684 4449 καί
700 4392 737 4447 P:
761 4382 835 4462 ἦσαν
851 4388 909 4463 γὰρ
926 4390 961 4445 L:
985 4382 1032 4463 ἠδ’
1054 4380 1129 4459 ἦσαν
1144 4390 1213 4445 Ain
1265 4382 1380 4462 α’νθρῶ·

127 4494 209 4533 πσισι
226 4475 252 4533 V
268 4476 350 4533 Ain:
369 4465 537 4547 ἀνθρώποις
554 4478 605 4533 ΚΡ
682 4480 804 4549 Ξδῆρες
821 4476 932 4543 KV(L):
949 4476 1079 4549 φήρεςΡ
1131 4473 1233 4533 σίωνοί
1250 4494 1282 4533 τε
1299 4480 1379 4547 φιλο·
