<?xml version="1.0" encoding="UTF-8"?>
<!DOCTYPE html PUBLIC "-//W3C//DTD XHTML 1.0 Transitional//EN"
    "http://www.w3.org/TR/xhtml1/DTD/xhtml1-transitional.dtd">
<html xmlns="http://www.w3.org/1999/xhtml" xml:lang="en" lang="en">
 <head>
  <title>
</title>
<meta http-equiv="Content-Type" content="text/html;charset=utf-8" />
  <meta name='ocr-system' content='tesseract 3.04.00' />
  <meta name='ocr-capabilities' content='ocr_page ocr_carea ocr_par ocr_line ocrx_word'/>
</head>
<body>
  <div class='ocr_page' id='page_1' title='image "./poetarumphiloso00dielgoog_0117.png"; bbox 0 0 3500 5075; ppageno 0'>
   <div class='ocr_carea' id='block_1_1' title="bbox 429 366 1445 436">
    <p class='ocr_par' dir='ltr' id='par_1_1' title="bbox 429 366 1445 436">
     <span class='ocr_line' id='line_1_1' title="bbox 429 366 1445 436; baseline 0.01 -14"><span class='ocrx_word' id='word_1_1' title='bbox 429 366 648 426; x_wconf 78' lang='lat' dir='ltr'>DOCTRINAE</span> <span class='ocrx_word' id='word_1_2' title='bbox 666 371 698 424; x_wconf 84' lang='lat'><strong><em>85</em></strong></span> <span class='ocrx_word' id='word_1_3' title='bbox 717 368 912 435; x_wconf 76' lang='lat' dir='ltr'><strong>[THEOPHR.</strong></span> <span class='ocrx_word' id='word_1_4' title='bbox 929 369 965 424; x_wconf 91' lang='lat' dir='ltr'><strong><em>D.</em></strong></span> <span class='ocrx_word' id='word_1_5' title='bbox 984 369 1081 427; x_wconf 82' lang='lat' dir='ltr'>SENS</span> <span class='ocrx_word' id='word_1_6' title='bbox 1099 374 1193 436; x_wconf 83' lang='grc'>8-19]</span> <span class='ocrx_word' id='word_1_7' title='bbox 1383 374 1445 433; x_wconf 87' lang='grc'><strong><em>101</em></strong></span> 
     </span>
    </p>
   </div>
   <div class='ocr_carea' id='block_1_2' title="bbox 141 532 1497 3296">
    <p class='ocr_par' dir='ltr' id='par_1_2' title="bbox 183 532 1496 1294">
     <span class='ocr_line' id='line_1_2' title="bbox 293 532 1496 618; baseline 0.005 -22"><span class='ocrx_word' id='word_1_8' title='bbox 293 534 440 597; x_wconf 82' lang='grc' dir='ltr'><strong><em>καίτοι”</em></strong></span> <span class='ocrx_word' id='word_1_9' title='bbox 400 559 457 596; x_wconf 90' lang='grc' dir='ltr'><strong><em>καν</em></strong></span> <span class='ocrx_word' id='word_1_10' title='bbox 468 532 539 598; x_wconf 85' lang='grc' dir='ltr'><strong><em>αύτὸ</em></strong></span> <span class='ocrx_word' id='word_1_11' title='bbox 552 535 642 597; x_wconf 79' lang='grc' dir='ltr'><strong><em>τοῦτό</em></strong></span> <span class='ocrx_word' id='word_1_12' title='bbox 653 561 695 607; x_wconf 90' lang='grc' dir='ltr'><strong><em>τις</em></strong></span> <span class='ocrx_word' id='word_1_13' title='bbox 707 535 917 614; x_wconf 78' lang='grc' dir='ltr'><strong><em>διαπορήσειεν,</em></strong></span> <span class='ocrx_word' id='word_1_14' title='bbox 928 540 956 599; x_wconf 88' lang='grc' dir='ltr'><strong><em>εἰ</em></strong></span> <span class='ocrx_word' id='word_1_15' title='bbox 965 538 1089 599; x_wconf 88' lang='grc' dir='ltr'><strong><em>δυνατόν</em></strong></span> <span class='ocrx_word' id='word_1_16' title='bbox 1098 539 1161 599; x_wconf 88' lang='grc' dir='ltr'><strong><em>ἐστι</em></strong></span> <span class='ocrx_word' id='word_1_17' title='bbox 1172 547 1324 614; x_wconf 82' lang='grc' dir='ltr'><strong><em>τηλικαῦτα</em></strong></span> <span class='ocrx_word' id='word_1_18' title='bbox 1337 545 1445 618; x_wconf 83' lang='grc' dir='ltr'><strong><em>μεγέθη</em></strong></span> <span class='ocrx_word' id='word_1_19' title='bbox 1464 551 1496 602; x_wconf 82' lang='grc'><strong><em>14</em></strong></span> 
     </span>
     <span class='ocr_line' id='line_1_3' title="bbox 191 615 1445 735; baseline 0.006 -53"><span class='ocrx_word' id='word_1_20' title='bbox 191 623 326 696; x_wconf 80' lang='grc' dir='ltr'><strong><em>γενέσθαι</em></strong></span> <span class='ocrx_word' id='word_1_21' title='bbox 339 628 398 682; x_wconf 91' lang='grc' dir='ltr'><strong><em>τῶν</em></strong></span> <span class='ocrx_word' id='word_1_22' title='bbox 410 615 638 696; x_wconf 75' lang='grc' dir='ltr'><strong><em>ἑτερογενῶν,“</em></strong></span> <span class='ocrx_word' id='word_1_23' title='bbox 613 645 673 683; x_wconf 92' lang='grc' dir='ltr'><strong><em>ωστ</em></strong></span> <span class='ocrx_word' id='word_1_24' title='bbox 679 619 895 698; x_wconf 68' lang='grc' dir='ltr'><strong><em>’ἐναρμόττειπ</em></strong></span> <span class='ocrx_word' id='word_1_25' title='bbox 913 623 1008 694; x_wconf 82' lang='grc' dir='ltr'><strong><em>άλλως</em></strong></span> <span class='ocrx_word' id='word_1_26' title='bbox 1024 646 1056 685; x_wconf 89' lang='grc' dir='ltr'><strong><em>τε</em></strong></span> <span class='ocrx_word' id='word_1_27' title='bbox 1068 623 1125 686; x_wconf 85' lang='grc' dir='ltr'><strong><em>κόν</em></strong></span> <span class='ocrx_word' id='word_1_28' title='bbox 1136 631 1297 702; x_wconf 84' lang='grc' dir='ltr'><strong><em>συμβαίνηι,</em></strong></span> <span class='ocrx_word' id='word_1_29' title='bbox 1307 629 1445 735; x_wconf 78' lang='grc' dir='ltr'><strong><em>καθάπερ</em></strong></span> 
     </span>
     <span class='ocr_line' id='line_1_4' title="bbox 193 701 1444 812; baseline 0.006 -46"><span class='ocrx_word' id='word_1_30' title='bbox 193 711 282 812; x_wconf 55' lang='lat'><strong><em>5505,</em></strong></span> <span class='ocrx_word' id='word_1_31' title='bbox 289 705 341 777; x_wconf 85' lang='grc' dir='ltr'><strong><em>τός</em></strong></span> <span class='ocrx_word' id='word_1_32' title='bbox 359 701 483 782; x_wconf 80' lang='grc' dir='ltr'><strong><em>ὄψεις</em></strong></span> <span class='ocrx_word' id='word_1_33' title='bbox 460 732 502 767; x_wconf 89' lang='grc' dir='ltr'><strong><em>ων</em></strong></span> <span class='ocrx_word' id='word_1_34' title='bbox 516 705 698 784; x_wconf 85' lang='grc' dir='ltr'><strong><em>άσύμμετρος</em></strong></span> <span class='ocrx_word' id='word_1_35' title='bbox 715 707 731 784; x_wconf 91' lang='lat'><strong><em>5</em></strong></span> <span class='ocrx_word' id='word_1_36' title='bbox 750 716 851 786; x_wconf 83' lang='grc' dir='ltr'><strong><em>κρᾶσις</em></strong></span> <span class='ocrx_word' id='word_1_37' title='bbox 871 705 922 770; x_wconf 79' lang='grc' dir='ltr'><strong><em>ότέ</em></strong></span> <span class='ocrx_word' id='word_1_38' title='bbox 937 707 1021 782; x_wconf 69' lang='lat'><strong><em>555⁸</em></strong></span> <span class='ocrx_word' id='word_1_39' title='bbox 1007 707 1064 770; x_wconf 88' lang='grc' dir='ltr'><strong><em>υπό</em></strong></span> <span class='ocrx_word' id='word_1_40' title='bbox 1083 717 1136 771; x_wconf 83' lang='grc' dir='ltr'><strong><em>τού</em></strong></span> <span class='ocrx_word' id='word_1_41' title='bbox 1152 709 1254 786; x_wconf 90' lang='grc' dir='ltr'><strong><em>πυρός,</em></strong></span> <span class='ocrx_word' id='word_1_42' title='bbox 1272 711 1322 773; x_wconf 79' lang='grc' dir='ltr'><strong><em>ότέ</em></strong></span> <span class='ocrx_word' id='word_1_43' title='bbox 1339 710 1400 774; x_wconf 66' lang='grc' dir='ltr'><strong><em>δὲι</em></strong></span> <span class='ocrx_word' id='word_1_44' title='bbox 1386 714 1444 774; x_wconf 87' lang='grc' dir='ltr'><strong><em>υπό</em></strong></span> 
     </span>
     <span class='ocr_line' id='line_1_5' title="bbox 192 787 1446 901; baseline 0.005 -48"><span class='ocrx_word' id='word_1_45' title='bbox 192 798 245 853; x_wconf 88' lang='grc' dir='ltr'><strong><em>τοῦ</em></strong></span> <span class='ocrx_word' id='word_1_46' title='bbox 262 787 282 854; x_wconf 96' lang='grc' dir='ltr'><strong><em>ά</em></strong></span> <span class='ocrx_word' id='word_1_47' title='bbox 283 795 351 870; x_wconf 89' lang='grc' dir='ltr'><strong><em>ἐρος</em></strong></span> <span class='ocrx_word' id='word_1_48' title='bbox 366 793 610 865; x_wconf 85' lang='grc' dir='ltr'><strong><em>ἐμπλαττομένων</em></strong></span> <span class='ocrx_word' id='word_1_49' title='bbox 632 803 692 854; x_wconf 83' lang='grc' dir='ltr'><strong><em>τῶν</em></strong></span> <span class='ocrx_word' id='word_1_50' title='bbox 709 794 811 871; x_wconf 91' lang='grc' dir='ltr'><strong><em>πόρων</em></strong></span> <span class='ocrx_word' id='word_1_51' title='bbox 821 791 1049 901; x_wconf 80' lang='grc' dir='ltr'><strong><em>άμαυρούσθαι.</em></strong></span> <span class='ocrx_word' id='word_1_52' title='bbox 1082 797 1109 857; x_wconf 89' lang='grc' dir='ltr'><strong><em>εἰ</em></strong></span> <span class='ocrx_word' id='word_1_53' title='bbox 1125 793 1153 855; x_wconf 98' lang='lat'><strong><em>5</em></strong></span> <span class='ocrx_word' id='word_1_54' title='bbox 1170 819 1222 856; x_wconf 88' lang='grc' dir='ltr'><strong><em>σιν</em></strong></span> <span class='ocrx_word' id='word_1_55' title='bbox 1238 797 1364 857; x_wconf 83' lang='grc' dir='ltr'><strong><em>ἐστικαὶ</em></strong></span> <span class='ocrx_word' id='word_1_56' title='bbox 1381 793 1446 859; x_wconf 94' lang='grc' dir='ltr'><strong><em>τού·</em></strong></span> 
     </span>
     <span class='ocr_line' id='line_1_6' title="bbox 157 877 1445 958; baseline 0.005 -21.177"><span class='ocrx_word' id='word_1_57' title='bbox 157 881 252 938; x_wconf 85' lang='grc' dir='ltr'><strong><em>5των</em></strong></span> <span class='ocrx_word' id='word_1_58' title='bbox 270 883 428 955; x_wconf 89' lang='grc' dir='ltr'><strong><em>συμμετρία</em></strong></span> <span class='ocrx_word' id='word_1_59' title='bbox 444 884 493 938; x_wconf 87' lang='grc' dir='ltr'><strong><em>καί</em></strong></span> <span class='ocrx_word' id='word_1_60' title='bbox 511 877 627 955; x_wconf 80' lang='grc' dir='ltr'><strong><em>πλήρεις</em></strong></span> <span class='ocrx_word' id='word_1_61' title='bbox 644 882 673 940; x_wconf 81' lang='grc' dir='ltr'><strong><em>σί</em></strong></span> <span class='ocrx_word' id='word_1_62' title='bbox 685 878 774 954; x_wconf 91' lang='grc' dir='ltr'><strong><em>πόροι</em></strong></span> <span class='ocrx_word' id='word_1_63' title='bbox 792 887 852 940; x_wconf 89' lang='grc' dir='ltr'><strong><em>τῶν</em></strong></span> <span class='ocrx_word' id='word_1_64' title='bbox 867 880 906 955; x_wconf 84' lang='grc' dir='ltr'><strong><em>μή</em></strong></span> <span class='ocrx_word' id='word_1_65' title='bbox 920 886 1073 957; x_wconf 77' lang='grc' dir='ltr'><strong><em>συγγενῶν,</em></strong></span> <span class='ocrx_word' id='word_1_66' title='bbox 1091 887 1162 953; x_wconf 87' lang='grc' dir='ltr'><strong><em>πῶς,</em></strong></span> <span class='ocrx_word' id='word_1_67' title='bbox 1180 904 1254 942; x_wconf 90' lang='grc' dir='ltr'><strong><em>οταν</em></strong></span> <span class='ocrx_word' id='word_1_68' title='bbox 1264 877 1445 958; x_wconf 79' lang='grc' dir='ltr'><strong><em>αἰσθάνηται,</em></strong></span> 
     </span>
     <span class='ocr_line' id='line_1_7' title="bbox 191 961 1446 1044; baseline 0.006 -21"><span class='ocrx_word' id='word_1_69' title='bbox 191 970 241 1023; x_wconf 86' lang='grc' dir='ltr'><strong><em>καί</em></strong></span> <span class='ocrx_word' id='word_1_70' title='bbox 257 971 316 1025; x_wconf 85' lang='grc' dir='ltr'><strong><em>ποῦ</em></strong></span> <span class='ocrx_word' id='word_1_71' title='bbox 332 973 423 1026; x_wconf 82' lang='grc' dir='ltr'><strong><em>ταῦτα</em></strong></span> <span class='ocrx_word' id='word_1_72' title='bbox 434 961 631 1041; x_wconf 78' lang='grc' dir='ltr'><strong><em>ύπεξέρχεται;</em></strong></span> <span class='ocrx_word' id='word_1_73' title='bbox 649 973 693 1027; x_wconf 92' lang='grc' dir='ltr'><strong><em>δεῖ</em></strong></span> <span class='ocrx_word' id='word_1_74' title='bbox 708 961 766 1042; x_wconf 91' lang='grc' dir='ltr'><strong><em>γάρ</em></strong></span> <span class='ocrx_word' id='word_1_75' title='bbox 783 989 847 1027; x_wconf 91' lang='grc' dir='ltr'><strong><em>τινα</em></strong></span> <span class='ocrx_word' id='word_1_76' title='bbox 859 963 1020 1028; x_wconf 84' lang='grc' dir='ltr'><strong><em>άποδοῦναι</em></strong></span> <span class='ocrx_word' id='word_1_77' title='bbox 1031 967 1206 1044; x_wconf 76' lang='grc' dir='ltr'><strong><em>μεταβολήν.</em></strong></span> <span class='ocrx_word' id='word_1_78' title='bbox 1237 961 1313 1029; x_wconf 80' lang='grc' dir='ltr'><strong><em>ῶστε</em></strong></span> <span class='ocrx_word' id='word_1_79' title='bbox 1330 968 1446 1038; x_wconf 86' lang='grc' dir='ltr'><strong><em>πάντως</em></strong></span> 
     </span>
     <span class='ocr_line' id='line_1_8' title="bbox 193 1048 1445 1128; baseline 0.002 -19"><span class='ocrx_word' id='word_1_80' title='bbox 193 1048 250 1124; x_wconf 82' lang='grc' dir='ltr'><strong><em>ἔχει</em></strong></span> <span class='ocrx_word' id='word_1_81' title='bbox 269 1055 434 1111; x_wconf 73' lang='grc' dir='ltr'><strong><em>δυσκολίαν·</em></strong></span> <span class='ocrx_word' id='word_1_82' title='bbox 451 1049 471 1121; x_wconf 80' lang='grc' dir='ltr'><em>ἢ</em></span> <span class='ocrx_word' id='word_1_83' title='bbox 486 1053 544 1127; x_wconf 85' lang='grc' dir='ltr'><strong><em>γάρ</em></strong></span> <span class='ocrx_word' id='word_1_84' title='bbox 561 1049 649 1113; x_wconf 85' lang='grc' dir='ltr'><strong><em>κενὸν</em></strong></span> <span class='ocrx_word' id='word_1_85' title='bbox 666 1048 777 1128; x_wconf 86' lang='grc' dir='ltr'><strong><em>άνάγκη</em></strong></span> <span class='ocrx_word' id='word_1_86' title='bbox 794 1064 899 1126; x_wconf 81' lang='grc' dir='ltr'><strong><em>ποιεῖν,</em></strong></span> <span class='ocrx_word' id='word_1_87' title='bbox 917 1051 935 1128; x_wconf 90' lang='lat'><strong><em>5⁸</em></strong></span> <span class='ocrx_word' id='word_1_88' title='bbox 952 1050 999 1114; x_wconf 89' lang='grc' dir='ltr'><strong><em>άεί</em></strong></span> <span class='ocrx_word' id='word_1_89' title='bbox 1015 1051 1051 1114; x_wconf 82' lang='grc' dir='ltr'><strong><em>τό</em></strong></span> <span class='ocrx_word' id='word_1_90' title='bbox 1070 1060 1142 1126; x_wconf 82' lang='grc' dir='ltr'><strong><em>ζῶια</em></strong></span> <span class='ocrx_word' id='word_1_91' title='bbox 1160 1053 1355 1115; x_wconf 88' lang='grc' dir='ltr'><strong><em>αἰσθάνεσθαι</em></strong></span> <span class='ocrx_word' id='word_1_92' title='bbox 1372 1055 1445 1115; x_wconf 90' lang='grc' dir='ltr'><strong><em>πάν-</em></strong></span> 
     </span>
     <span class='ocr_line' id='line_1_9' title="bbox 183 1133 1447 1216; baseline 0.003 -22"><span class='ocrx_word' id='word_1_93' title='bbox 183 1145 261 1208; x_wconf 89' lang='grc' dir='ltr'><strong><em>των,</em></strong></span> <span class='ocrx_word' id='word_1_94' title='bbox 279 1134 297 1209; x_wconf 89' lang='lat'><strong><em>5</em></strong></span> <span class='ocrx_word' id='word_1_95' title='bbox 313 1138 348 1196; x_wconf 87' lang='grc' dir='ltr'><strong><em>τό</em></strong></span> <span class='ocrx_word' id='word_1_96' title='bbox 367 1133 405 1210; x_wconf 86' lang='grc' dir='ltr'><strong><em>μή</em></strong></span> <span class='ocrx_word' id='word_1_97' title='bbox 424 1139 557 1213; x_wconf 78' lang='grc' dir='ltr'><strong><em>συγγενὲς</em></strong></span> <span class='ocrx_word' id='word_1_98' title='bbox 580 1133 739 1212; x_wconf 70' lang='grc' dir='ltr'><strong><em>ἁρμόττειν</em></strong></span> <span class='ocrx_word' id='word_1_99' title='bbox 767 1133 801 1198; x_wconf 87' lang='grc' dir='ltr'><strong><em>ού</em></strong></span> <span class='ocrx_word' id='word_1_100' title='bbox 825 1144 931 1199; x_wconf 81' lang='grc' dir='ltr'><strong><em>ποιοῦν</em></strong></span> <span class='ocrx_word' id='word_1_101' title='bbox 955 1137 1089 1213; x_wconf 75' lang='grc' dir='ltr'><strong><em>αἴσθησιν</em></strong></span> <span class='ocrx_word' id='word_1_102' title='bbox 1107 1135 1171 1200; x_wconf 86' lang='grc' dir='ltr'><strong><em>ούδ’</em></strong></span> <span class='ocrx_word' id='word_1_103' title='bbox 1193 1136 1263 1214; x_wconf 76' lang='grc' dir='ltr'><strong><em>ἔχον</em></strong></span> <span class='ocrx_word' id='word_1_104' title='bbox 1278 1141 1447 1216; x_wconf 78' lang='grc' dir='ltr'><strong><em>μεταβολήν</em></strong></span> 
     </span>
     <span class='ocr_line' id='line_1_10' title="bbox 197 1221 582 1294; baseline 0.005 -14"><span class='ocrx_word' id='word_1_105' title='bbox 197 1223 308 1282; x_wconf 88' lang='grc' dir='ltr'><strong><em>οἰιιείαν</em></strong></span> <span class='ocrx_word' id='word_1_106' title='bbox 325 1233 386 1291; x_wconf 90' lang='grc' dir='ltr'><strong><em>τοῖς</em></strong></span> <span class='ocrx_word' id='word_1_107' title='bbox 403 1221 582 1294; x_wconf 74' lang='grc' dir='ltr'><strong><em>ἐμποιοῦσιν.</em></strong></span> 
     </span>
    </p>

    <p class='ocr_par' dir='ltr' id='par_1_3' title="bbox 143 1319 1496 1745">
     <span class='ocr_line' id='line_1_11' title="bbox 143 1319 1496 1401; baseline -0.002 -13"><span class='ocrx_word' id='word_1_108' title='bbox 143 1339 171 1388; x_wconf 86' lang='grc'><strong><em>10</em></strong></span> <span class='ocrx_word' id='word_1_109' title='bbox 294 1324 335 1386; x_wconf 86' lang='grc' dir='ltr'><strong><em>ἐτι</em></strong></span> <span class='ocrx_word' id='word_1_110' title='bbox 352 1328 383 1386; x_wconf 78' lang='grc' dir='ltr'><strong><em>δὲ</em></strong></span> <span class='ocrx_word' id='word_1_111' title='bbox 394 1327 422 1385; x_wconf 90' lang='grc' dir='ltr'><strong><em>εἰ</em></strong></span> <span class='ocrx_word' id='word_1_112' title='bbox 429 1329 479 1384; x_wconf 87' lang='grc' dir='ltr'><strong><em>καί</em></strong></span> <span class='ocrx_word' id='word_1_113' title='bbox 495 1327 533 1401; x_wconf 88' lang='grc' dir='ltr'><strong><em>μή</em></strong></span> <span class='ocrx_word' id='word_1_114' title='bbox 547 1325 723 1400; x_wconf 84' lang='grc' dir='ltr'><strong><em>ἐναρμόττοι</em></strong></span> <span class='ocrx_word' id='word_1_115' title='bbox 736 1327 772 1386; x_wconf 89' lang='grc' dir='ltr'><strong><em>τό</em></strong></span> <span class='ocrx_word' id='word_1_116' title='bbox 787 1321 901 1398; x_wconf 83' lang='grc' dir='ltr'><strong><em>ὅμοιον,</em></strong></span> <span class='ocrx_word' id='word_1_117' title='bbox 919 1321 992 1387; x_wconf 88' lang='grc' dir='ltr'><strong><em>όλλόι</em></strong></span> <span class='ocrx_word' id='word_1_118' title='bbox 1003 1325 1098 1397; x_wconf 89' lang='grc' dir='ltr'><strong><em>μόνον</em></strong></span> <span class='ocrx_word' id='word_1_119' title='bbox 1109 1319 1243 1399; x_wconf 86' lang='grc' dir='ltr'><strong><em>άπτοιτο,</em></strong></span> <span class='ocrx_word' id='word_1_120' title='bbox 1260 1322 1332 1387; x_wconf 89' lang='grc' dir='ltr'><strong><em>καθ’</em></strong></span> <span class='ocrx_word' id='word_1_121' title='bbox 1346 1325 1446 1387; x_wconf 78' lang='grc' dir='ltr'><strong><em>ὁτιοῦν</em></strong></span> <span class='ocrx_word' id='word_1_122' title='bbox 1464 1336 1496 1385; x_wconf 83' lang='grc'><strong><em>15</em></strong></span> 
     </span>
     <span class='ocr_line' id='line_1_12' title="bbox 193 1407 1446 1489; baseline 0 -17"><span class='ocrx_word' id='word_1_123' title='bbox 193 1410 315 1486; x_wconf 86' lang='grc' dir='ltr'><strong><em>εύλογον</em></strong></span> <span class='ocrx_word' id='word_1_124' title='bbox 333 1409 467 1484; x_wconf 80' lang='grc' dir='ltr'><strong><em>αἰσθησιν</em></strong></span> <span class='ocrx_word' id='word_1_125' title='bbox 483 1415 629 1484; x_wconf 86' lang='grc' dir='ltr'><strong><em>γίνεσθαι·</em></strong></span> <span class='ocrx_word' id='word_1_126' title='bbox 652 1417 731 1471; x_wconf 87' lang='grc' dir='ltr'><strong><em>δυοῖν</em></strong></span> <span class='ocrx_word' id='word_1_127' title='bbox 752 1409 811 1489; x_wconf 82' lang='grc' dir='ltr'><strong><em>γάρ</em></strong></span> <span class='ocrx_word' id='word_1_128' title='bbox 832 1412 947 1473; x_wconf 90' lang='grc' dir='ltr'><strong><em>τούτων</em></strong></span> <span class='ocrx_word' id='word_1_129' title='bbox 969 1407 1129 1472; x_wconf 89' lang='grc' dir='ltr'><strong><em>όποδίδωσι</em></strong></span> <span class='ocrx_word' id='word_1_130' title='bbox 1151 1413 1204 1486; x_wconf 84' lang='grc' dir='ltr'><strong><em>τήν</em></strong></span> <span class='ocrx_word' id='word_1_131' title='bbox 1220 1419 1328 1487; x_wconf 88' lang='grc' dir='ltr'><strong><em>γνῶσιν</em></strong></span> <span class='ocrx_word' id='word_1_132' title='bbox 1343 1418 1396 1473; x_wconf 90' lang='grc' dir='ltr'><strong><em>τῶι</em></strong></span> <span class='ocrx_word' id='word_1_133' title='bbox 1413 1434 1446 1472; x_wconf 89' lang='grc' dir='ltr'><strong><em>τε</em></strong></span> 
     </span>
     <span class='ocr_line' id='line_1_13' title="bbox 194 1489 1447 1574; baseline -0.001 -17"><span class='ocrx_word' id='word_1_134' title='bbox 194 1493 297 1569; x_wconf 88' lang='grc' dir='ltr'><strong><em>όμοίωι</em></strong></span> <span class='ocrx_word' id='word_1_135' title='bbox 313 1503 363 1555; x_wconf 84' lang='grc' dir='ltr'><strong><em>καὶ</em></strong></span> <span class='ocrx_word' id='word_1_136' title='bbox 380 1501 425 1571; x_wconf 85' lang='grc' dir='ltr'><strong><em>τήι</em></strong></span> <span class='ocrx_word' id='word_1_137' title='bbox 443 1493 527 1571; x_wconf 85' lang='grc' dir='ltr'><strong><em>άφῆι·</em></strong></span> <span class='ocrx_word' id='word_1_138' title='bbox 551 1494 594 1555; x_wconf 85' lang='grc' dir='ltr'><strong><em>διὸ</em></strong></span> <span class='ocrx_word' id='word_1_139' title='bbox 611 1501 661 1556; x_wconf 88' lang='grc' dir='ltr'><strong><em>καί</em></strong></span> <span class='ocrx_word' id='word_1_140' title='bbox 679 1495 714 1558; x_wconf 87' lang='grc' dir='ltr'><strong><em>τὸ</em></strong></span> <span class='ocrx_word' id='word_1_141' title='bbox 729 1493 954 1574; x_wconf 50' lang='grc' dir='ltr'><strong><em>(όρμόττειῶ</em></strong></span> <span class='ocrx_word' id='word_1_142' title='bbox 979 1496 1099 1572; x_wconf 82' lang='grc' dir='ltr'><strong><em>εἴρηκεν.</em></strong></span> <span class='ocrx_word' id='word_1_143' title='bbox 1129 1489 1204 1558; x_wconf 74' lang='lat'><strong><em>5&#39;5’</em></strong></span> <span class='ocrx_word' id='word_1_144' title='bbox 1222 1501 1250 1558; x_wconf 89' lang='grc' dir='ltr'><strong><em>εἰ</em></strong></span> <span class='ocrx_word' id='word_1_145' title='bbox 1265 1498 1300 1558; x_wconf 86' lang='grc' dir='ltr'><strong><em>τό</em></strong></span> <span class='ocrx_word' id='word_1_146' title='bbox 1324 1495 1447 1558; x_wconf 88' lang='grc' dir='ltr'><strong><em>ἐλαττον</em></strong></span> 
     </span>
     <span class='ocr_line' id='line_1_14' title="bbox 192 1575 1447 1658; baseline 0.002 -17"><span class='ocrx_word' id='word_1_147' title='bbox 192 1575 302 1656; x_wconf 80' lang='grc' dir='ltr'><strong><em>άψαιτο</em></strong></span> <span class='ocrx_word' id='word_1_148' title='bbox 321 1587 381 1640; x_wconf 88' lang='grc' dir='ltr'><strong><em>τῶν</em></strong></span> <span class='ocrx_word' id='word_1_149' title='bbox 397 1583 548 1653; x_wconf 81' lang='grc' dir='ltr'><strong><em>μειζόνων,</em></strong></span> <span class='ocrx_word' id='word_1_150' title='bbox 566 1582 608 1655; x_wconf 80' lang='grc' dir='ltr'><strong><em>εἰη</em></strong></span> <span class='ocrx_word' id='word_1_151' title='bbox 626 1580 663 1643; x_wconf 89' lang='lat'><strong><em>5⁸5</em></strong></span> <span class='ocrx_word' id='word_1_152' title='bbox 681 1583 822 1658; x_wconf 70' lang='grc' dir='ltr'><strong><em>αἴσθησις.</em></strong></span> <span class='ocrx_word' id='word_1_153' title='bbox 859 1579 935 1652; x_wconf 92' lang='grc' dir='ltr'><strong><em>όλως</em></strong></span> <span class='ocrx_word' id='word_1_154' title='bbox 951 1605 985 1644; x_wconf 88' lang='grc' dir='ltr'><strong><em>τε</em></strong></span> <span class='ocrx_word' id='word_1_155' title='bbox 1001 1579 1077 1644; x_wconf 90' lang='grc' dir='ltr'><strong><em>κατά</em></strong></span> <span class='ocrx_word' id='word_1_156' title='bbox 1100 1605 1134 1658; x_wconf 88' lang='grc' dir='ltr'><strong><em>γε</em></strong></span> <span class='ocrx_word' id='word_1_157' title='bbox 1151 1583 1263 1643; x_wconf 86' lang='grc' dir='ltr'><strong><em>ἐκεῖνον</em></strong></span> <span class='ocrx_word' id='word_1_158' title='bbox 1280 1579 1447 1657; x_wconf 85' lang='grc' dir='ltr'><strong><em>άφαιρεῖται</em></strong></span> 
     </span>
     <span class='ocr_line' id='line_1_15' title="bbox 192 1658 1447 1745; baseline 0.003 -21"><span class='ocrx_word' id='word_1_159' title='bbox 192 1670 241 1725; x_wconf 82' lang='grc' dir='ltr'><strong><em>καί</em></strong></span> <span class='ocrx_word' id='word_1_160' title='bbox 258 1666 295 1726; x_wconf 86' lang='grc' dir='ltr'><strong><em>τὸ</em></strong></span> <span class='ocrx_word' id='word_1_161' title='bbox 315 1658 428 1738; x_wconf 84' lang='grc' dir='ltr'><strong><em>όμσισν,</em></strong></span> <span class='ocrx_word' id='word_1_162' title='bbox 446 1662 518 1726; x_wconf 84' lang='grc' dir='ltr'><strong><em>άλλὰ</em></strong></span> <span class='ocrx_word' id='word_1_163' title='bbox 542 1665 559 1740; x_wconf 91' lang='lat'><strong><em>5</em></strong></span> <span class='ocrx_word' id='word_1_164' title='bbox 578 1671 738 1743; x_wconf 89' lang='grc' dir='ltr'><strong><em>συμμετρία</em></strong></span> <span class='ocrx_word' id='word_1_165' title='bbox 760 1666 856 1740; x_wconf 92' lang='grc' dir='ltr'><strong><em>μόνον</em></strong></span> <span class='ocrx_word' id='word_1_166' title='bbox 872 1666 983 1728; x_wconf 75' lang='grc' dir='ltr'><strong><em>ἱκανόν.</em></strong></span> <span class='ocrx_word' id='word_1_167' title='bbox 1017 1668 1062 1730; x_wconf 89' lang='grc' dir='ltr'><strong><em>διά</em></strong></span> <span class='ocrx_word' id='word_1_168' title='bbox 1087 1675 1175 1729; x_wconf 80' lang='grc' dir='ltr'><strong><em>τοῦτο</em></strong></span> <span class='ocrx_word' id='word_1_169' title='bbox 1198 1671 1256 1745; x_wconf 74' lang='grc' dir='ltr'><strong><em>γάρ</em></strong></span> <span class='ocrx_word' id='word_1_170' title='bbox 1274 1665 1327 1730; x_wconf 89' lang='grc' dir='ltr'><strong><em>ούκ</em></strong></span> <span class='ocrx_word' id='word_1_171' title='bbox 1344 1666 1447 1728; x_wconf 88' lang='grc' dir='ltr'><strong><em>αἰσθά-</em></strong></span> 
     </span>
    </p>

    <p class='ocr_par' dir='ltr' id='par_1_4' title="bbox 143 1747 1447 2087">
     <span class='ocr_line' id='line_1_16' title="bbox 143 1747 1447 1829; baseline 0.004 -21"><span class='ocrx_word' id='word_1_172' title='bbox 143 1767 170 1816; x_wconf 84' lang='lat'><strong><em>15</em></strong></span> <span class='ocrx_word' id='word_1_173' title='bbox 193 1755 296 1811; x_wconf 87' lang='grc' dir='ltr'><strong><em>νεοθαί</em></strong></span> <span class='ocrx_word' id='word_1_174' title='bbox 312 1773 399 1826; x_wconf 87' lang='grc' dir='ltr'><strong><em>φησιν</em></strong></span> <span class='ocrx_word' id='word_1_175' title='bbox 417 1748 555 1825; x_wconf 88' lang='grc' dir='ltr'><strong><em>άλλήλων,</em></strong></span> <span class='ocrx_word' id='word_1_176' title='bbox 574 1747 619 1812; x_wconf 85' lang='grc' dir='ltr'><strong><em>ὅτι</em></strong></span> <span class='ocrx_word' id='word_1_177' title='bbox 636 1751 704 1822; x_wconf 81' lang='grc' dir='ltr'><strong><em>τούς</em></strong></span> <span class='ocrx_word' id='word_1_178' title='bbox 721 1751 834 1826; x_wconf 87' lang='grc' dir='ltr'><strong><em>πόρους</em></strong></span> <span class='ocrx_word' id='word_1_179' title='bbox 851 1749 1051 1829; x_wconf 86' lang='grc' dir='ltr'><strong><em>άσομμέτρους</em></strong></span> <span class='ocrx_word' id='word_1_180' title='bbox 1068 1751 1195 1829; x_wconf 79' lang='grc' dir='ltr'><strong><em>ἔχουσιν·</em></strong></span> <span class='ocrx_word' id='word_1_181' title='bbox 1214 1757 1242 1815; x_wconf 88' lang='grc' dir='ltr'><strong><em>εἰ</em></strong></span> <span class='ocrx_word' id='word_1_182' title='bbox 1258 1760 1275 1813; x_wconf 90' lang='grc' dir='ltr'><strong><em>δ</em></strong></span> <span class='ocrx_word' id='word_1_183' title='bbox 1279 1749 1287 1771; x_wconf 83' lang='grc'><strong><em>’</em></strong></span> <span class='ocrx_word' id='word_1_184' title='bbox 1306 1747 1447 1827; x_wconf 85' lang='grc' dir='ltr'><strong><em>όμοιονή</em></strong></span> 
     </span>
     <span class='ocr_line' id='line_1_17' title="bbox 193 1832 1446 1916; baseline 0.002 -20"><span class='ocrx_word' id='word_1_185' title='bbox 193 1833 337 1908; x_wconf 89' lang='grc' dir='ltr'><strong><em>άνόμοιον</em></strong></span> <span class='ocrx_word' id='word_1_186' title='bbox 358 1834 393 1897; x_wconf 90' lang='grc' dir='ltr'><strong><em>τὸ</em></strong></span> <span class='ocrx_word' id='word_1_187' title='bbox 417 1832 577 1913; x_wconf 87' lang='grc' dir='ltr'><strong><em>άπορρέον,</em></strong></span> <span class='ocrx_word' id='word_1_188' title='bbox 600 1834 682 1898; x_wconf 74' lang='grc' dir='ltr'><strong><em>οὐδὲν</em></strong></span> <span class='ocrx_word' id='word_1_189' title='bbox 704 1836 747 1899; x_wconf 81' lang='grc' dir='ltr'><strong><em>ἔτι</em></strong></span> <span class='ocrx_word' id='word_1_190' title='bbox 770 1838 1006 1916; x_wconf 87' lang='grc' dir='ltr'><strong><em>προσαφῶρισεν.</em></strong></span> <span class='ocrx_word' id='word_1_191' title='bbox 1042 1833 1118 1900; x_wconf 78' lang='grc' dir='ltr'><strong><em>ῶοτε</em></strong></span> <span class='ocrx_word' id='word_1_192' title='bbox 1139 1839 1159 1916; x_wconf 90' lang='lat'><strong><em>5</em></strong></span> <span class='ocrx_word' id='word_1_193' title='bbox 1179 1835 1214 1900; x_wconf 84' lang='lat'><strong><em>05</em></strong></span> <span class='ocrx_word' id='word_1_194' title='bbox 1236 1845 1289 1899; x_wconf 87' lang='grc' dir='ltr'><strong><em>τῶι</em></strong></span> <span class='ocrx_word' id='word_1_195' title='bbox 1308 1836 1446 1913; x_wconf 83' lang='grc' dir='ltr'><strong><em>όμοίωιή</em></strong></span> 
     </span>
     <span class='ocr_line' id='line_1_18' title="bbox 194 1917 1446 2001; baseline 0.001 -19"><span class='ocrx_word' id='word_1_196' title='bbox 194 1922 325 1997; x_wconf 80' lang='grc' dir='ltr'><strong><em>αἴσθησις</em></strong></span> <span class='ocrx_word' id='word_1_197' title='bbox 346 1920 365 1997; x_wconf 87' lang='lat'><strong><em>5</em></strong></span> <span class='ocrx_word' id='word_1_198' title='bbox 382 1917 416 1983; x_wconf 90' lang='grc' dir='ltr'><strong><em>ού</em></strong></span> <span class='ocrx_word' id='word_1_199' title='bbox 438 1921 483 1983; x_wconf 92' lang='grc' dir='ltr'><strong><em>διά</em></strong></span> <span class='ocrx_word' id='word_1_200' title='bbox 505 1945 569 1982; x_wconf 92' lang='grc' dir='ltr'><strong><em>τινα</em></strong></span> <span class='ocrx_word' id='word_1_201' title='bbox 591 1919 789 2001; x_wconf 91' lang='grc' dir='ltr'><strong><em>άσυμμετρίαν</em></strong></span> <span class='ocrx_word' id='word_1_202' title='bbox 813 1921 848 1986; x_wconf 91' lang='grc' dir='ltr'><strong><em>ού</em></strong></span> <span class='ocrx_word' id='word_1_203' title='bbox 863 1931 1020 2000; x_wconf 87' lang='grc' dir='ltr'><strong><em>κρίνουσιν,</em></strong></span> <span class='ocrx_word' id='word_1_204' title='bbox 1043 1924 1161 1995; x_wconf 89' lang='grc' dir='ltr'><strong><em>άπάσας</em></strong></span> <span class='ocrx_word' id='word_1_205' title='bbox 1180 1921 1249 1999; x_wconf 79' lang='grc' dir='ltr'><strong><em>(τ’)</em></strong></span> <span class='ocrx_word' id='word_1_206' title='bbox 1265 1922 1376 2000; x_wconf 86' lang='grc' dir='ltr'><strong><em>όνάγκη</em></strong></span> <span class='ocrx_word' id='word_1_207' title='bbox 1394 1921 1446 1992; x_wconf 83' lang='grc' dir='ltr'><strong><em>τός</em></strong></span> 
     </span>
     <span class='ocr_line' id='line_1_19' title="bbox 194 2003 1100 2087; baseline 0.001 -21"><span class='ocrx_word' id='word_1_208' title='bbox 194 2003 342 2084; x_wconf 71' lang='grc' dir='ltr'><strong><em>αἰσθήσεις</em></strong></span> <span class='ocrx_word' id='word_1_209' title='bbox 357 2012 407 2068; x_wconf 86' lang='grc' dir='ltr'><strong><em>καί</em></strong></span> <span class='ocrx_word' id='word_1_210' title='bbox 424 2006 519 2069; x_wconf 87' lang='grc' dir='ltr'><strong><em>πάντα</em></strong></span> <span class='ocrx_word' id='word_1_211' title='bbox 539 2011 574 2069; x_wconf 80' lang='grc' dir='ltr'><strong><em>τὰ</em></strong></span> <span class='ocrx_word' id='word_1_212' title='bbox 593 2010 717 2084; x_wconf 82' lang='grc' dir='ltr'><strong><em>αἰσθητά</em></strong></span> <span class='ocrx_word' id='word_1_213' title='bbox 737 2011 789 2084; x_wconf 84' lang='grc' dir='ltr'><strong><em>τήν</em></strong></span> <span class='ocrx_word' id='word_1_214' title='bbox 807 2005 897 2085; x_wconf 89' lang='grc' dir='ltr'><strong><em>αύτήν</em></strong></span> <span class='ocrx_word' id='word_1_215' title='bbox 914 2008 990 2086; x_wconf 85' lang='grc' dir='ltr'><strong><em>ἐχειν</em></strong></span> <span class='ocrx_word' id='word_1_216' title='bbox 1005 2008 1100 2087; x_wconf 89' lang='grc' dir='ltr'><strong><em>φύσιν.</em></strong></span> 
     </span>
    </p>

    <p class='ocr_par' dir='ltr' id='par_1_5' title="bbox 297 2103 1497 2189">
     <span class='ocr_line' id='line_1_20' title="bbox 297 2103 1497 2189; baseline -0.003 -18"><span class='ocrx_word' id='word_1_217' title='bbox 297 2105 368 2171; x_wconf 84' lang='grc' dir='ltr'><strong><em>άλλό</em></strong></span> <span class='ocrx_word' id='word_1_218' title='bbox 385 2108 442 2185; x_wconf 88' lang='grc' dir='ltr'><strong><em>μήν</em></strong></span> <span class='ocrx_word' id='word_1_219' title='bbox 460 2107 524 2172; x_wconf 80' lang='grc' dir='ltr'><strong><em>ούδέ</em></strong></span> <span class='ocrx_word' id='word_1_220' title='bbox 534 2112 587 2186; x_wconf 88' lang='grc' dir='ltr'><strong><em>τήν</em></strong></span> <span class='ocrx_word' id='word_1_221' title='bbox 597 2108 703 2186; x_wconf 85' lang='grc' dir='ltr'><strong><em>ήδονήν</em></strong></span> <span class='ocrx_word' id='word_1_222' title='bbox 718 2117 768 2173; x_wconf 86' lang='grc' dir='ltr'><strong><em>καί</em></strong></span> <span class='ocrx_word' id='word_1_223' title='bbox 785 2110 875 2188; x_wconf 89' lang='grc' dir='ltr'><strong><em>λύπην</em></strong></span> <span class='ocrx_word' id='word_1_224' title='bbox 892 2110 1133 2189; x_wconf 78' lang='grc' dir='ltr'><strong><em>ὁμολογουμένως</em></strong></span> <span class='ocrx_word' id='word_1_225' title='bbox 1144 2107 1317 2173; x_wconf 92' lang='grc' dir='ltr'><strong><em>άποδίδωσιν</em></strong></span> <span class='ocrx_word' id='word_1_226' title='bbox 1328 2103 1447 2187; x_wconf 84' lang='grc' dir='ltr'><strong><em>ήδεσθαι</em></strong></span> <span class='ocrx_word' id='word_1_227' title='bbox 1465 2115 1497 2166; x_wconf 84' lang='grc'><strong><em>16</em></strong></span> 
     </span>
    </p>

    <p class='ocr_par' dir='ltr' id='par_1_6' title="bbox 141 2193 1447 2615">
     <span class='ocr_line' id='line_1_21' title="bbox 141 2193 1446 2274; baseline -0.002 -16"><span class='ocrx_word' id='word_1_228' title='bbox 141 2207 170 2259; x_wconf 80' lang='grc'><strong><em>20</em></strong></span> <span class='ocrx_word' id='word_1_229' title='bbox 192 2196 245 2264; x_wconf 73' lang='grc' dir='ltr'><strong><em>μὲν</em></strong></span> <span class='ocrx_word' id='word_1_230' title='bbox 261 2201 355 2255; x_wconf 87' lang='grc' dir='ltr'><strong><em>ποιῶν</em></strong></span> <span class='ocrx_word' id='word_1_231' title='bbox 371 2207 434 2266; x_wconf 92' lang='grc' dir='ltr'><strong><em>τοῖς</em></strong></span> <span class='ocrx_word' id='word_1_232' title='bbox 447 2193 568 2269; x_wconf 82' lang='grc' dir='ltr'><strong><em>ὁμοίοις,</em></strong></span> <span class='ocrx_word' id='word_1_233' title='bbox 586 2200 782 2258; x_wconf 88' lang='grc' dir='ltr'><strong><em>λυπεῖσθαιδέ</em></strong></span> <span class='ocrx_word' id='word_1_234' title='bbox 798 2209 861 2268; x_wconf 90' lang='grc' dir='ltr'><strong><em>τοῖς</em></strong></span> <span class='ocrx_word' id='word_1_235' title='bbox 872 2200 1027 2269; x_wconf 76' lang='grc' dir='ltr'><strong><em>ἐναντίοις·</em></strong></span> <span class='ocrx_word' id='word_1_236' title='bbox 1043 2194 1188 2274; x_wconf 47' lang='grc' dir='ltr'><strong><em>(ἐχθριΐ</em></strong></span> <span class='ocrx_word' id='word_1_237' title='bbox 1204 2199 1262 2273; x_wconf 85' lang='grc' dir='ltr'><strong><em>γάρ</em></strong></span> <span class='ocrx_word' id='word_1_238' title='bbox 1274 2195 1356 2265; x_wconf 89' lang='grc' dir='ltr'><strong><em>εἰναι,</em></strong></span> <span class='ocrx_word' id='word_1_239' title='bbox 1374 2195 1446 2257; x_wconf 84' lang='grc' dir='ltr'><strong><em>διότι</em></strong></span> 
     </span>
     <span class='ocr_line' id='line_1_22' title="bbox 190 2277 1446 2359; baseline 0.002 -20"><span class='ocrx_word' id='word_1_240' title='bbox 190 2277 684 2355; x_wconf 42' lang='grc' dir='ltr'><strong><em>ιπλεῖστον-ἐκμακτοῖσιϊ</em></strong></span> <span class='ocrx_word' id='word_1_241' title='bbox 702 2285 744 2357; x_wconf 84' lang='lat' dir='ltr'><strong>[fr.</strong></span> <span class='ocrx_word' id='word_1_242' title='bbox 757 2290 799 2352; x_wconf 80' lang='lat'><strong><em>22,</em></strong></span> <span class='ocrx_word' id='word_1_243' title='bbox 818 2291 842 2341; x_wconf 88' lang='grc'><strong><em>6.</em></strong></span> <span class='ocrx_word' id='word_1_244' title='bbox 855 2291 892 2353; x_wconf 71' lang='lat'><strong><em>7]-</em></strong></span> <span class='ocrx_word' id='word_1_245' title='bbox 928 2283 1076 2359; x_wconf 75' lang='grc' dir='ltr'><strong><em>αἰσθήσεις</em></strong></span> <span class='ocrx_word' id='word_1_246' title='bbox 1092 2282 1149 2359; x_wconf 90' lang='grc' dir='ltr'><strong><em>γάρ</em></strong></span> <span class='ocrx_word' id='word_1_247' title='bbox 1171 2306 1251 2352; x_wconf 88' lang='grc' dir='ltr'><strong><em>τινας</em></strong></span> <span class='ocrx_word' id='word_1_248' title='bbox 1274 2281 1293 2357; x_wconf 89' lang='lat'><strong><em>5⁸</em></strong></span> <span class='ocrx_word' id='word_1_249' title='bbox 1313 2278 1381 2355; x_wconf 78' lang='grc' dir='ltr'><strong><em>μετ’</em></strong></span> <span class='ocrx_word' id='word_1_250' title='bbox 1404 2284 1446 2342; x_wconf 92' lang='grc' dir='ltr'><strong><em>αἰ·</em></strong></span> 
     </span>
     <span class='ocr_line' id='line_1_23' title="bbox 195 2364 1447 2443; baseline 0.002 -19"><span class='ocrx_word' id='word_1_251' title='bbox 195 2368 325 2439; x_wconf 88' lang='grc' dir='ltr'><strong><em>σθήσεως</em></strong></span> <span class='ocrx_word' id='word_1_252' title='bbox 337 2373 452 2427; x_wconf 82' lang='grc' dir='ltr'><strong><em>ποιοῦσι</em></strong></span> <span class='ocrx_word' id='word_1_253' title='bbox 469 2369 679 2442; x_wconf 73' lang='lat' dir='ltr'><strong>[Anaxagoram</strong></span> <span class='ocrx_word' id='word_1_254' title='bbox 691 2372 772 2427; x_wconf 77' lang='lat' dir='ltr'>simul</span> <span class='ocrx_word' id='word_1_255' title='bbox 783 2371 944 2443; x_wconf 70' lang='lat' dir='ltr'>intellegere</span> <span class='ocrx_word' id='word_1_256' title='bbox 955 2373 1066 2428; x_wconf 75' lang='lat' dir='ltr'>videtur</span> <span class='ocrx_word' id='word_1_257' title='bbox 1077 2370 1112 2427; x_wconf 76' lang='lat'><strong><em>5.</em></strong></span> <span class='ocrx_word' id='word_1_258' title='bbox 1124 2372 1140 2441; x_wconf 63' lang='grc' dir='ltr'><strong><em>ρ</em></strong></span> <span class='ocrx_word' id='word_1_259' title='bbox 1153 2374 1196 2437; x_wconf 83' lang='grc'><strong><em>17]</em></strong></span> <span class='ocrx_word' id='word_1_260' title='bbox 1214 2369 1267 2440; x_wconf 81' lang='grc' dir='ltr'><strong><em>τήν</em></strong></span> <span class='ocrx_word' id='word_1_261' title='bbox 1277 2364 1382 2442; x_wconf 88' lang='grc' dir='ltr'><strong><em>ήδσνήν</em></strong></span> <span class='ocrx_word' id='word_1_262' title='bbox 1397 2371 1447 2427; x_wconf 88' lang='grc' dir='ltr'><strong><em>καί</em></strong></span> 
     </span>
     <span class='ocr_line' id='line_1_24' title="bbox 195 2443 1447 2528; baseline 0.002 -20"><span class='ocrx_word' id='word_1_263' title='bbox 195 2447 245 2522; x_wconf 86' lang='grc' dir='ltr'><strong><em>τήν</em></strong></span> <span class='ocrx_word' id='word_1_264' title='bbox 265 2453 364 2526; x_wconf 83' lang='grc' dir='ltr'><strong><em>λύπην,</em></strong></span> <span class='ocrx_word' id='word_1_265' title='bbox 381 2443 457 2512; x_wconf 80' lang='grc' dir='ltr'><strong><em>όύοτε</em></strong></span> <span class='ocrx_word' id='word_1_266' title='bbox 475 2447 528 2527; x_wconf 85' lang='grc' dir='ltr'><strong><em>ούχ</em></strong></span> <span class='ocrx_word' id='word_1_267' title='bbox 546 2449 639 2514; x_wconf 85' lang='grc' dir='ltr'><strong><em>άπασι</em></strong></span> <span class='ocrx_word' id='word_1_268' title='bbox 659 2458 769 2528; x_wconf 88' lang='grc' dir='ltr'><strong><em>γίνεται</em></strong></span> <span class='ocrx_word' id='word_1_269' title='bbox 787 2465 850 2523; x_wconf 86' lang='grc' dir='ltr'><strong><em>τοῖς</em></strong></span> <span class='ocrx_word' id='word_1_270' title='bbox 869 2451 993 2526; x_wconf 80' lang='grc' dir='ltr'><strong><em>ὁμοίοις.</em></strong></span> <span class='ocrx_word' id='word_1_271' title='bbox 1028 2453 1116 2514; x_wconf 81' lang='grc' dir='ltr'><strong><em>ἔτιεί</em></strong></span> <span class='ocrx_word' id='word_1_272' title='bbox 1131 2452 1166 2513; x_wconf 83' lang='grc' dir='ltr'><strong><em>τὰ</em></strong></span> <span class='ocrx_word' id='word_1_273' title='bbox 1186 2475 1305 2528; x_wconf 86' lang='grc' dir='ltr'><strong><em>συγγενη</em></strong></span> <span class='ocrx_word' id='word_1_274' title='bbox 1293 2450 1447 2525; x_wconf 81' lang='grc' dir='ltr'><strong><em>’μάλιστα</em></strong></span> 
     </span>
     <span class='ocr_line' id='line_1_25' title="bbox 194 2530 1446 2615; baseline 0.001 -21"><span class='ocrx_word' id='word_1_275' title='bbox 194 2546 272 2595; x_wconf 88' lang='grc' dir='ltr'><strong><em>ποιεῖ</em></strong></span> <span class='ocrx_word' id='word_1_276' title='bbox 288 2533 340 2612; x_wconf 88' lang='grc' dir='ltr'><strong><em>τήν</em></strong></span> <span class='ocrx_word' id='word_1_277' title='bbox 357 2532 460 2611; x_wconf 85' lang='grc' dir='ltr'><strong><em>ήδονήν</em></strong></span> <span class='ocrx_word' id='word_1_278' title='bbox 477 2538 509 2598; x_wconf 92' lang='grc' dir='ltr'><strong><em>ἐν</em></strong></span> <span class='ocrx_word' id='word_1_279' title='bbox 526 2545 571 2613; x_wconf 85' lang='grc' dir='ltr'><strong><em>τῆι</em></strong></span> <span class='ocrx_word' id='word_1_280' title='bbox 589 2536 670 2614; x_wconf 81' lang='grc' dir='ltr'><strong><em>όφῆι,</em></strong></span> <span class='ocrx_word' id='word_1_281' title='bbox 692 2539 831 2615; x_wconf 87' lang='grc' dir='ltr'><strong><em>καθάπερ</em></strong></span> <span class='ocrx_word' id='word_1_282' title='bbox 848 2544 927 2614; x_wconf 87' lang='grc' dir='ltr'><strong><em>φησί,</em></strong></span> <span class='ocrx_word' id='word_1_283' title='bbox 948 2542 986 2601; x_wconf 90' lang='grc' dir='ltr'><strong><em>τά</em></strong></span> <span class='ocrx_word' id='word_1_284' title='bbox 1004 2540 1135 2614; x_wconf 77' lang='grc' dir='ltr'><strong><em>σύμφυτα</em></strong></span> <span class='ocrx_word' id='word_1_285' title='bbox 1157 2532 1276 2611; x_wconf 79' lang='grc' dir='ltr'><strong><em>μάλιστ’</em></strong></span> <span class='ocrx_word' id='word_1_286' title='bbox 1294 2536 1332 2598; x_wconf 89' lang='lat'><strong><em>55</em></strong></span> <span class='ocrx_word' id='word_1_287' title='bbox 1348 2530 1446 2610; x_wconf 83' lang='grc' dir='ltr'><strong><em>ήδοιτο</em></strong></span> 
     </span>
    </p>

    <p class='ocr_par' dir='ltr' id='par_1_7' title="bbox 142 2613 1497 3041">
     <span class='ocr_line' id='line_1_26' title="bbox 142 2613 1447 2727; baseline -0.002 -45"><span class='ocrx_word' id='word_1_288' title='bbox 142 2632 172 2682; x_wconf 74' lang='lat'><strong><em>25</em></strong></span> <span class='ocrx_word' id='word_1_289' title='bbox 193 2624 244 2679; x_wconf 91' lang='grc' dir='ltr'><strong><em>καί</em></strong></span> <span class='ocrx_word' id='word_1_290' title='bbox 262 2613 338 2690; x_wconf 83' lang='grc' dir='ltr'><strong><em>ύλως</em></strong></span> <span class='ocrx_word' id='word_1_291' title='bbox 355 2621 542 2683; x_wconf 84' lang='grc' dir='ltr'><strong><em>αἰσθάνοιτο·</em></strong></span> <span class='ocrx_word' id='word_1_292' title='bbox 560 2622 605 2684; x_wconf 88' lang='grc' dir='ltr'><strong><em>διόι</em></strong></span> <span class='ocrx_word' id='word_1_293' title='bbox 622 2631 683 2684; x_wconf 92' lang='grc' dir='ltr'><strong><em>τῶν</em></strong></span> <span class='ocrx_word' id='word_1_294' title='bbox 701 2619 797 2684; x_wconf 87' lang='grc' dir='ltr'><strong><em>αύτῶν</em></strong></span> <span class='ocrx_word' id='word_1_295' title='bbox 813 2625 873 2700; x_wconf 84' lang='grc' dir='ltr'><strong><em>γάρ</em></strong></span> <span class='ocrx_word' id='word_1_296' title='bbox 891 2636 970 2686; x_wconf 86' lang='grc' dir='ltr'><strong><em>ποιεῖ</em></strong></span> <span class='ocrx_word' id='word_1_297' title='bbox 985 2628 1038 2697; x_wconf 92' lang='grc' dir='ltr'><strong><em>τήν</em></strong></span> <span class='ocrx_word' id='word_1_298' title='bbox 1045 2626 1184 2727; x_wconf 84' lang='grc' dir='ltr'><strong><em>αἰσθηοιν</em></strong></span> <span class='ocrx_word' id='word_1_299' title='bbox 1200 2629 1250 2682; x_wconf 89' lang='grc' dir='ltr'><strong><em>καί</em></strong></span> <span class='ocrx_word' id='word_1_300' title='bbox 1266 2619 1319 2696; x_wconf 86' lang='grc' dir='ltr'><strong><em>τήν</em></strong></span> <span class='ocrx_word' id='word_1_301' title='bbox 1335 2618 1447 2696; x_wconf 84' lang='grc' dir='ltr'><strong><em>ήδονήν.</em></strong></span> 
     </span>
     <span class='ocr_line' id='line_1_27' title="bbox 194 2703 1497 2784; baseline 0.001 -21"><span class='ocrx_word' id='word_1_302' title='bbox 194 2710 290 2766; x_wconf 87' lang='grc' dir='ltr'><strong><em>καίτοι</em></strong></span> <span class='ocrx_word' id='word_1_303' title='bbox 311 2706 449 2776; x_wconf 88' lang='grc' dir='ltr'><strong><em>πολλόκις</em></strong></span> <span class='ocrx_word' id='word_1_304' title='bbox 471 2707 681 2780; x_wconf 89' lang='grc' dir='ltr'><strong><em>αἰσθανόμενοι</em></strong></span> <span class='ocrx_word' id='word_1_305' title='bbox 705 2708 875 2783; x_wconf 83' lang='grc' dir='ltr'><strong><em>λυπούμεθα</em></strong></span> <span class='ocrx_word' id='word_1_306' title='bbox 892 2704 961 2770; x_wconf 84' lang='grc' dir='ltr'><strong><em>κατ’</em></strong></span> <span class='ocrx_word' id='word_1_307' title='bbox 984 2704 1073 2784; x_wconf 88' lang='grc' dir='ltr'><strong><em>αύτήν</em></strong></span> <span class='ocrx_word' id='word_1_308' title='bbox 1094 2709 1148 2782; x_wconf 85' lang='grc' dir='ltr'><strong><em>τήν</em></strong></span> <span class='ocrx_word' id='word_1_309' title='bbox 1171 2706 1312 2782; x_wconf 87' lang='grc' dir='ltr'><strong><em>αἰαθησιν,</em></strong></span> <span class='ocrx_word' id='word_1_310' title='bbox 1330 2703 1421 2778; x_wconf 85' lang='grc' dir='ltr'><strong><em>ιύς&lt;δ</em></strong></span> <span class='ocrx_word' id='word_1_311' title='bbox 1423 2707 1497 2777; x_wconf 86' lang='grc' dir='ltr'>’)1“ί</span> 
     </span>
     <span class='ocr_line' id='line_1_28' title="bbox 192 2785 1448 2870; baseline -0.002 -15.993"><span class='ocrx_word' id='word_1_312' title='bbox 192 2793 384 2869; x_wconf 75' lang='grc' dir='ltr'><strong><em>Ἀναξαγόρας</em></strong></span> <span class='ocrx_word' id='word_1_313' title='bbox 400 2797 470 2868; x_wconf 88' lang='grc' dir='ltr'><strong><em>φησί</em></strong></span> <span class='ocrx_word' id='word_1_314' title='bbox 470 2816 494 2863; x_wconf 92' lang='grc' dir='ltr'><strong><em>ν,</em></strong></span> <span class='ocrx_word' id='word_1_315' title='bbox 512 2789 572 2854; x_wconf 90' lang='grc' dir='ltr'><strong><em>άεί·</em></strong></span> <span class='ocrx_word' id='word_1_316' title='bbox 590 2799 689 2854; x_wconf 83' lang='grc' dir='ltr'><strong><em>πᾶσαν</em></strong></span> <span class='ocrx_word' id='word_1_317' title='bbox 703 2792 763 2869; x_wconf 82' lang='grc' dir='ltr'><strong><em>γάρ</em></strong></span> <span class='ocrx_word' id='word_1_318' title='bbox 778 2793 915 2870; x_wconf 83' lang='grc' dir='ltr'><strong><em>αἰσθησιν</em></strong></span> <span class='ocrx_word' id='word_1_319' title='bbox 930 2791 1003 2855; x_wconf 84' lang='grc' dir='ltr'><strong><em>εἰναι</em></strong></span> <span class='ocrx_word' id='word_1_320' title='bbox 1019 2815 1092 2866; x_wconf 89' lang='grc' dir='ltr'><strong><em>μετα</em></strong></span> <span class='ocrx_word' id='word_1_321' title='bbox 1082 2790 1200 2867; x_wconf 70' lang='grc' dir='ltr'><strong><em>’λύπης</em></strong></span> <span class='ocrx_word' id='word_1_322' title='bbox 1231 2785 1317 2851; x_wconf 74' lang='grc' dir='ltr'><strong><em>ἔπιδ’</em></strong></span> <span class='ocrx_word' id='word_1_323' title='bbox 1335 2790 1368 2850; x_wconf 90' lang='grc' dir='ltr'><strong><em>ἐν</em></strong></span> <span class='ocrx_word' id='word_1_324' title='bbox 1384 2802 1448 2859; x_wconf 86' lang='grc' dir='ltr'><strong><em>ταῖς</em></strong></span> 
     </span>
     <span class='ocr_line' id='line_1_29' title="bbox 193 2873 1449 2956; baseline -0.006 -15"><span class='ocrx_word' id='word_1_325' title='bbox 193 2880 267 2942; x_wconf 85' lang='grc' dir='ltr'><strong><em>κατά</em></strong></span> <span class='ocrx_word' id='word_1_326' title='bbox 284 2882 387 2953; x_wconf 84' lang='grc' dir='ltr'><strong><em>μέρος·</em></strong></span> <span class='ocrx_word' id='word_1_327' title='bbox 413 2883 564 2955; x_wconf 83' lang='grc' dir='ltr'><strong><em>συμβαίνει</em></strong></span> <span class='ocrx_word' id='word_1_328' title='bbox 585 2881 642 2955; x_wconf 87' lang='grc' dir='ltr'><strong><em>γάρ</em></strong></span> <span class='ocrx_word' id='word_1_329' title='bbox 664 2885 718 2939; x_wconf 87' lang='grc' dir='ltr'><strong><em>τῶι</em></strong></span> <span class='ocrx_word' id='word_1_330' title='bbox 741 2876 849 2953; x_wconf 87' lang='grc' dir='ltr'><strong><em>όμοίωι</em></strong></span> <span class='ocrx_word' id='word_1_331' title='bbox 870 2885 1003 2956; x_wconf 88' lang='grc' dir='ltr'><strong><em>γίνεσθαι</em></strong></span> <span class='ocrx_word' id='word_1_332' title='bbox 1024 2882 1077 2954; x_wconf 86' lang='grc' dir='ltr'><strong><em>τήν</em></strong></span> <span class='ocrx_word' id='word_1_333' title='bbox 1093 2884 1211 2955; x_wconf 87' lang='grc' dir='ltr'><strong><em>γνῶσιν·</em></strong></span> <span class='ocrx_word' id='word_1_334' title='bbox 1234 2876 1286 2950; x_wconf 90' lang='grc' dir='ltr'><strong><em>τήν</em></strong></span> <span class='ocrx_word' id='word_1_335' title='bbox 1302 2876 1360 2950; x_wconf 83' lang='grc' dir='ltr'><strong><em>γάρ</em></strong></span> <span class='ocrx_word' id='word_1_336' title='bbox 1378 2873 1449 2950; x_wconf 82' lang='grc' dir='ltr'><strong><em>όφιν</em></strong></span> 
     </span>
     <span class='ocr_line' id='line_1_30' title="bbox 196 2956 1449 3041; baseline -0.006 -15"><span class='ocrx_word' id='word_1_337' title='bbox 196 2961 269 3026; x_wconf 84' lang='grc' dir='ltr'><strong><em>ὅταν</em></strong></span> <span class='ocrx_word' id='word_1_338' title='bbox 284 2964 318 3025; x_wconf 92' lang='grc' dir='ltr'><strong><em>ἐκ</em></strong></span> <span class='ocrx_word' id='word_1_339' title='bbox 329 2962 422 3041; x_wconf 84' lang='grc' dir='ltr'><strong><em>πυρός</em></strong></span> <span class='ocrx_word' id='word_1_340' title='bbox 437 2970 493 3023; x_wconf 73' lang='grc' dir='ltr'><strong><em>καλ</em></strong></span> <span class='ocrx_word' id='word_1_341' title='bbox 504 2971 557 3025; x_wconf 84' lang='grc' dir='ltr'><strong><em>τοῦ</em></strong></span> <span class='ocrx_word' id='word_1_342' title='bbox 574 2964 709 3025; x_wconf 81' lang='grc' dir='ltr'><strong><em>ἐναντίου</em></strong></span> <span class='ocrx_word' id='word_1_343' title='bbox 721 2966 867 3040; x_wconf 88' lang='grc' dir='ltr'><strong><em>ουστήσηι,</em></strong></span> <span class='ocrx_word' id='word_1_344' title='bbox 884 2963 920 3025; x_wconf 87' lang='grc' dir='ltr'><strong><em>τό</em></strong></span> <span class='ocrx_word' id='word_1_345' title='bbox 937 2967 992 3036; x_wconf 71' lang='grc' dir='ltr'><strong><em>μὲν</em></strong></span> <span class='ocrx_word' id='word_1_346' title='bbox 1003 2964 1107 3025; x_wconf 88' lang='grc' dir='ltr'><strong><em>λευκόν</em></strong></span> <span class='ocrx_word' id='word_1_347' title='bbox 1123 2968 1173 3023; x_wconf 88' lang='grc' dir='ltr'><strong><em>καί</em></strong></span> <span class='ocrx_word' id='word_1_348' title='bbox 1190 2961 1225 3022; x_wconf 89' lang='grc' dir='ltr'><strong><em>τό</em></strong></span> <span class='ocrx_word' id='word_1_349' title='bbox 1238 2963 1329 3034; x_wconf 82' lang='grc' dir='ltr'><strong><em>μέλιιν</em></strong></span> <span class='ocrx_word' id='word_1_350' title='bbox 1340 2956 1449 3021; x_wconf 86' lang='grc' dir='ltr'><strong><em>δύναιτ’</em></strong></span> 
     </span>
    </p>

    <p class='ocr_par' dir='ltr' id='par_1_8' title="bbox 142 3042 1451 3296">
     <span class='ocr_line' id='line_1_31' title="bbox 142 3042 1451 3125; baseline -0.01 -9"><span class='ocrx_word' id='word_1_351' title='bbox 142 3067 172 3116; x_wconf 85' lang='grc'><strong><em>30</em></strong></span> <span class='ocrx_word' id='word_1_352' title='bbox 194 3050 232 3112; x_wconf 89' lang='lat'><strong><em>5⁸5</em></strong></span> <span class='ocrx_word' id='word_1_353' title='bbox 249 3061 311 3119; x_wconf 90' lang='grc' dir='ltr'><strong><em>τοῖς</em></strong></span> <span class='ocrx_word' id='word_1_354' title='bbox 328 3046 442 3121; x_wconf 88' lang='grc' dir='ltr'><strong><em>όμοίοις</em></strong></span> <span class='ocrx_word' id='word_1_355' title='bbox 458 3053 619 3125; x_wconf 82' lang='grc' dir='ltr'><strong><em>γνωρίζειν,</em></strong></span> <span class='ocrx_word' id='word_1_356' title='bbox 640 3049 676 3111; x_wconf 82' lang='grc' dir='ltr'><strong><em>τό</em></strong></span> <span class='ocrx_word' id='word_1_357' title='bbox 700 3052 730 3110; x_wconf 81' lang='lat'><strong><em>55</em></strong></span> <span class='ocrx_word' id='word_1_358' title='bbox 748 3050 838 3125; x_wconf 88' lang='grc' dir='ltr'><strong><em>φαιόν</em></strong></span> <span class='ocrx_word' id='word_1_359' title='bbox 853 3055 904 3109; x_wconf 89' lang='grc' dir='ltr'><strong><em>καί</em></strong></span> <span class='ocrx_word' id='word_1_360' title='bbox 924 3042 1015 3110; x_wconf 88' lang='grc' dir='ltr'><strong><em>τάλλα</em></strong></span> <span class='ocrx_word' id='word_1_361' title='bbox 1030 3048 1174 3124; x_wconf 87' lang='grc' dir='ltr'><strong><em>χρῶματα</em></strong></span> <span class='ocrx_word' id='word_1_362' title='bbox 1196 3048 1232 3108; x_wconf 86' lang='grc' dir='ltr'><strong><em>τά</em></strong></span> <span class='ocrx_word' id='word_1_363' title='bbox 1250 3045 1353 3119; x_wconf 84' lang='grc' dir='ltr'><strong><em>μεικτό</em></strong></span> <span class='ocrx_word' id='word_1_364' title='bbox 1371 3050 1451 3114; x_wconf 91' lang='grc' dir='ltr'><strong><em>πῶς,·</em></strong></span> 
     </span>
     <span class='ocr_line' id='line_1_32' title="bbox 196 3127 1448 3241; baseline -0.006 -46"><span class='ocrx_word' id='word_1_365' title='bbox 196 3134 262 3196; x_wconf 78' lang='grc' dir='ltr'><strong><em>οὔτε</em></strong></span> <span class='ocrx_word' id='word_1_366' title='bbox 279 3131 336 3209; x_wconf 80' lang='grc' dir='ltr'><strong><em>γάρ</em></strong></span> <span class='ocrx_word' id='word_1_367' title='bbox 354 3145 416 3203; x_wconf 83' lang='grc' dir='ltr'><strong><em>τοῖς</em></strong></span> <span class='ocrx_word' id='word_1_368' title='bbox 434 3140 487 3194; x_wconf 82' lang='grc' dir='ltr'><strong><em>τοῦ</em></strong></span> <span class='ocrx_word' id='word_1_369' title='bbox 503 3133 595 3211; x_wconf 88' lang='grc' dir='ltr'><strong><em>πυρός</em></strong></span> <span class='ocrx_word' id='word_1_370' title='bbox 613 3133 681 3196; x_wconf 87' lang='grc' dir='ltr'><strong><em>ούτε</em></strong></span> <span class='ocrx_word' id='word_1_371' title='bbox 696 3146 760 3205; x_wconf 85' lang='grc' dir='ltr'><strong><em>τοῖς</em></strong></span> <span class='ocrx_word' id='word_1_372' title='bbox 777 3142 831 3196; x_wconf 86' lang='grc' dir='ltr'><strong><em>τοῦ</em></strong></span> <span class='ocrx_word' id='word_1_373' title='bbox 848 3131 953 3204; x_wconf 85' lang='grc' dir='ltr'><strong><em>ύδατος</em></strong></span> <span class='ocrx_word' id='word_1_374' title='bbox 969 3129 1074 3241; x_wconf 70' lang='lat'><strong><em>55555</em></strong></span> <span class='ocrx_word' id='word_1_375' title='bbox 1091 3127 1158 3195; x_wconf 75' lang='grc' dir='ltr'><strong><em>οὔτ’</em></strong></span> <span class='ocrx_word' id='word_1_376' title='bbox 1176 3130 1275 3201; x_wconf 88' lang='grc' dir='ltr'><strong><em>όλλοις</em></strong></span> <span class='ocrx_word' id='word_1_377' title='bbox 1292 3141 1373 3191; x_wconf 92' lang='grc' dir='ltr'><strong><em>ποιεῖ</em></strong></span> <span class='ocrx_word' id='word_1_378' title='bbox 1387 3152 1448 3190; x_wconf 84' lang='grc' dir='ltr'><strong><em>κοι·</em></strong></span> 
     </span>
     <span class='ocr_line' id='line_1_33' title="bbox 195 3212 1141 3296; baseline -0.004 -15"><span class='ocrx_word' id='word_1_379' title='bbox 195 3232 256 3291; x_wconf 82' lang='grc' dir='ltr'><strong><em>ναῖς</em></strong></span> <span class='ocrx_word' id='word_1_380' title='bbox 271 3215 340 3291; x_wconf 77' lang='grc' dir='ltr'><strong><em>ἐξ</em></strong></span> <span class='ocrx_word' id='word_1_381' title='bbox 320 3232 442 3294; x_wconf 89' lang='grc' dir='ltr'><strong><em>αμφοῖν</em></strong></span> <span class='ocrx_word' id='word_1_382' title='bbox 462 3214 579 3296; x_wconf 79' lang='grc' dir='ltr'><strong><em>δρῶμεν</em></strong></span> <span class='ocrx_word' id='word_1_383' title='bbox 596 3217 624 3279; x_wconf 79' lang='grc' dir='ltr'><strong><em>δ’</em></strong></span> <span class='ocrx_word' id='word_1_384' title='bbox 644 3212 759 3281; x_wconf 78' lang='grc' dir='ltr'><strong><em>ούδέν</em></strong></span> <span class='ocrx_word' id='word_1_385' title='bbox 742 3243 833 3294; x_wconf 89' lang='grc' dir='ltr'><strong><em>ηττον</em></strong></span> <span class='ocrx_word' id='word_1_386' title='bbox 845 3225 936 3281; x_wconf 84' lang='grc' dir='ltr'><strong><em>ταῦτα</em></strong></span> <span class='ocrx_word' id='word_1_387' title='bbox 954 3226 1014 3280; x_wconf 90' lang='grc' dir='ltr'><strong><em>τῶν</em></strong></span> <span class='ocrx_word' id='word_1_388' title='bbox 1031 3216 1141 3279; x_wconf 86' lang='grc' dir='ltr'><strong><em>όπλῶν.</em></strong></span> 
     </span>
    </p>
   </div>
   <div class='ocr_carea' id='block_1_3' title="bbox 142 3302 1526 4604">
    <p class='ocr_par' dir='ltr' id='par_1_9' title="bbox 142 3302 1526 4604">
     <span class='ocr_line' id='line_1_34' title="bbox 297 3302 1499 3396; baseline -0.007 -14"><span class='ocrx_word' id='word_1_389' title='bbox 297 3344 416 3391; x_wconf 88' lang='grc' dir='ltr'><strong><em>ατοπως</em></strong></span> <span class='ocrx_word' id='word_1_390' title='bbox 432 3324 463 3381; x_wconf 89' lang='grc' dir='ltr'><strong><em>δ</em></strong></span> <span class='ocrx_word' id='word_1_391' title='bbox 479 3327 528 3381; x_wconf 87' lang='grc' dir='ltr'><strong><em>καί</em></strong></span> <span class='ocrx_word' id='word_1_392' title='bbox 547 3312 592 3381; x_wconf 85' lang='grc' dir='ltr'><strong><em>ότι</em></strong></span> <span class='ocrx_word' id='word_1_393' title='bbox 609 3320 645 3383; x_wconf 85' lang='grc' dir='ltr'><strong><em>τό</em></strong></span> <span class='ocrx_word' id='word_1_394' title='bbox 662 3325 716 3394; x_wconf 71' lang='grc' dir='ltr'><strong><em>μὲν</em></strong></span> <span class='ocrx_word' id='word_1_395' title='bbox 732 3322 849 3396; x_wconf 80' lang='grc' dir='ltr'><strong><em>ήμέρας,</em></strong></span> <span class='ocrx_word' id='word_1_396' title='bbox 867 3345 903 3383; x_wconf 86' lang='grc' dir='ltr'><strong><em>τα</em></strong></span> <span class='ocrx_word' id='word_1_397' title='bbox 894 3319 998 3382; x_wconf 68' lang='lat'><strong><em>‘5&#39;</em></strong></span> <span class='ocrx_word' id='word_1_398' title='bbox 965 3343 1079 3393; x_wconf 89' lang='grc' dir='ltr'><strong><em>νυκτωρ</em></strong></span> <span class='ocrx_word' id='word_1_399' title='bbox 1096 3317 1241 3393; x_wconf 57' lang='grc' dir='ltr'><strong><em>μάλλονι</em></strong></span> <span class='ocrx_word' id='word_1_400' title='bbox 1225 3325 1302 3395; x_wconf 83' lang='grc' dir='ltr'><strong><em>ορόι.</em></strong></span> <span class='ocrx_word' id='word_1_401' title='bbox 1336 3314 1372 3377; x_wconf 83' lang='grc' dir='ltr'><strong><em>τὸ</em></strong></span> <span class='ocrx_word' id='word_1_402' title='bbox 1390 3302 1448 3392; x_wconf 85' lang='grc' dir='ltr'><strong><em>γάρ</em></strong></span> <span class='ocrx_word' id='word_1_403' title='bbox 1468 3322 1499 3373; x_wconf 83' lang='grc'><strong><em>18</em></strong></span> 
     </span>
     <span class='ocr_line' id='line_1_35' title="bbox 195 3393 1526 3487; baseline -0.007 -20"><span class='ocrx_word' id='word_1_404' title='bbox 195 3405 317 3468; x_wconf 74' lang='grc' dir='ltr'><strong><em>ἔλαττον</em></strong></span> <span class='ocrx_word' id='word_1_405' title='bbox 335 3412 392 3483; x_wconf 87' lang='grc' dir='ltr'><strong><em>πῦρ</em></strong></span> <span class='ocrx_word' id='word_1_406' title='bbox 408 3402 466 3467; x_wconf 87' lang='grc' dir='ltr'><strong><em>ύπὸ</em></strong></span> <span class='ocrx_word' id='word_1_407' title='bbox 488 3412 542 3466; x_wconf 87' lang='grc' dir='ltr'><strong><em>τοῦ</em></strong></span> <span class='ocrx_word' id='word_1_408' title='bbox 563 3410 701 3476; x_wconf 90' lang='grc' dir='ltr'><strong><em>πλείονος</em></strong></span> <span class='ocrx_word' id='word_1_409' title='bbox 723 3410 896 3487; x_wconf 87' lang='grc' dir='ltr'><strong><em>φθείρεται</em></strong></span> <span class='ocrx_word' id='word_1_410' title='bbox 900 3406 945 3467; x_wconf 89' lang='grc' dir='ltr'><strong><em>διό</em></strong></span> <span class='ocrx_word' id='word_1_411' title='bbox 966 3412 1016 3467; x_wconf 87' lang='grc' dir='ltr'><strong><em>καί</em></strong></span> <span class='ocrx_word' id='word_1_412' title='bbox 1039 3407 1115 3481; x_wconf 88' lang='grc' dir='ltr'><strong><em>πρός</em></strong></span> <span class='ocrx_word' id='word_1_413' title='bbox 1132 3406 1188 3465; x_wconf 90' lang='grc' dir='ltr'><strong><em>τόν</em></strong></span> <span class='ocrx_word' id='word_1_414' title='bbox 1208 3399 1290 3480; x_wconf 79' lang='grc' dir='ltr'><strong><em>ἥλιον</em></strong></span> <span class='ocrx_word' id='word_1_415' title='bbox 1306 3408 1355 3461; x_wconf 85' lang='grc' dir='ltr'><strong><em>καί</em></strong></span> <span class='ocrx_word' id='word_1_416' title='bbox 1375 3393 1450 3469; x_wconf 81' lang='grc' dir='ltr'><strong><em>όλως</em></strong></span> <span class='ocrx_word' id='word_1_417' title='bbox 1477 3416 1526 3472; x_wconf 74' lang='grc' dir='ltr'><strong><em>(ηε</em></strong></span> 
     </span>
     <span class='ocr_line' id='line_1_36' title="bbox 142 3476 1450 3568; baseline -0.011 -11"><span class='ocrx_word' id='word_1_418' title='bbox 142 3508 172 3557; x_wconf 79' lang='lat'><strong><em>35</em></strong></span> <span class='ocrx_word' id='word_1_419' title='bbox 195 3492 228 3552; x_wconf 88' lang='grc' dir='ltr'><strong><em>τό</em></strong></span> <span class='ocrx_word' id='word_1_420' title='bbox 247 3494 384 3568; x_wconf 89' lang='grc' dir='ltr'><strong><em>καθαρόν</em></strong></span> <span class='ocrx_word' id='word_1_421' title='bbox 402 3511 436 3551; x_wconf 91' lang='grc' dir='ltr'><strong><em>ου</em></strong></span> <span class='ocrx_word' id='word_1_422' title='bbox 428 3485 587 3563; x_wconf 77' lang='grc' dir='ltr'><strong><em>’δυνάμεθ’</em></strong></span> <span class='ocrx_word' id='word_1_423' title='bbox 602 3486 794 3565; x_wconf 83' lang='grc' dir='ltr'><strong><em>άντιβλέπειν.</em></strong></span> <span class='ocrx_word' id='word_1_424' title='bbox 830 3484 907 3551; x_wconf 82' lang='grc' dir='ltr'><strong><em>όύστε</em></strong></span> <span class='ocrx_word' id='word_1_425' title='bbox 926 3512 1007 3560; x_wconf 85' lang='grc' dir='ltr'><strong><em>οσοις</em></strong></span> <span class='ocrx_word' id='word_1_426' title='bbox 1018 3492 1204 3563; x_wconf 81' lang='grc' dir='ltr'><strong><em>ἐνδεέστερον</em></strong></span> <span class='ocrx_word' id='word_1_427' title='bbox 1221 3490 1257 3549; x_wconf 85' lang='grc' dir='ltr'><strong><em>τό</em></strong></span> <span class='ocrx_word' id='word_1_428' title='bbox 1276 3492 1349 3563; x_wconf 86' lang='grc' dir='ltr'><strong><em>φῶς,</em></strong></span> <span class='ocrx_word' id='word_1_429' title='bbox 1360 3476 1450 3558; x_wconf 85' lang='grc' dir='ltr'><strong><em>ήττον</em></strong></span> 
     </span>
     <span class='ocr_line' id='line_1_37' title="bbox 194 3568 1450 3654; baseline -0.007 -17"><span class='ocrx_word' id='word_1_430' title='bbox 194 3573 313 3654; x_wconf 70' lang='grc' dir='ltr'><strong><em>ἐχρῆνι</em></strong></span> <span class='ocrx_word' id='word_1_431' title='bbox 300 3583 375 3654; x_wconf 83' lang='grc' dir='ltr'><strong><em>ορᾶν</em></strong></span> <span class='ocrx_word' id='word_1_432' title='bbox 391 3572 463 3648; x_wconf 85' lang='grc' dir='ltr'><strong><em>μεθ’</em></strong></span> <span class='ocrx_word' id='word_1_433' title='bbox 481 3572 603 3652; x_wconf 84' lang='grc' dir='ltr'><strong><em>ήμέραν·</em></strong></span> <span class='ocrx_word' id='word_1_434' title='bbox 626 3573 790 3651; x_wconf 80' lang='grc' dir='ltr'><strong><em>ἢείπερ“</em></strong></span> <span class='ocrx_word' id='word_1_435' title='bbox 760 3598 796 3636; x_wconf 89' lang='grc' dir='ltr'><strong><em>το</em></strong></span> <span class='ocrx_word' id='word_1_436' title='bbox 824 3568 930 3648; x_wconf 86' lang='grc' dir='ltr'><strong><em>όμοιον</em></strong></span> <span class='ocrx_word' id='word_1_437' title='bbox 946 3574 1085 3646; x_wconf 81' lang='grc' dir='ltr'><strong><em>συναύξει,</em></strong></span> <span class='ocrx_word' id='word_1_438' title='bbox 1106 3573 1243 3648; x_wconf 88' lang='grc' dir='ltr'><strong><em>καθάπερ</em></strong></span> <span class='ocrx_word' id='word_1_439' title='bbox 1265 3575 1343 3646; x_wconf 89' lang='grc' dir='ltr'><strong><em>φησί,</em></strong></span> <span class='ocrx_word' id='word_1_440' title='bbox 1366 3592 1402 3629; x_wconf 89' lang='grc' dir='ltr'><strong><em>το</em></strong></span> <span class='ocrx_word' id='word_1_441' title='bbox 1392 3570 1450 3630; x_wconf 73' lang='grc' dir='ltr'><strong><em>’δέ</em></strong></span> 
     </span>
     <span class='ocr_line' id='line_1_38' title="bbox 194 3650 1448 3736; baseline -0.008 -13"><span class='ocrx_word' id='word_1_442' title='bbox 194 3662 329 3724; x_wconf 86' lang='grc' dir='ltr'><strong><em>ἐναντίον</em></strong></span> <span class='ocrx_word' id='word_1_443' title='bbox 346 3665 461 3736; x_wconf 86' lang='grc' dir='ltr'><strong><em>φθείρει</em></strong></span> <span class='ocrx_word' id='word_1_444' title='bbox 479 3667 528 3721; x_wconf 89' lang='grc' dir='ltr'><strong><em>καί</em></strong></span> <span class='ocrx_word' id='word_1_445' title='bbox 544 3658 656 3731; x_wconf 84' lang='grc' dir='ltr'><strong><em>κωλύει,</em></strong></span> <span class='ocrx_word' id='word_1_446' title='bbox 674 3684 710 3720; x_wconf 90' lang='grc' dir='ltr'><strong><em>τα</em></strong></span> <span class='ocrx_word' id='word_1_447' title='bbox 700 3661 781 3733; x_wconf 74' lang='grc' dir='ltr'><strong><em>’μὲν</em></strong></span> <span class='ocrx_word' id='word_1_448' title='bbox 798 3660 884 3723; x_wconf 84' lang='grc' dir='ltr'><strong><em>λευκά</em></strong></span> <span class='ocrx_word' id='word_1_449' title='bbox 901 3666 1015 3733; x_wconf 83' lang='grc' dir='ltr'><strong><em>μᾶλλον</em></strong></span> <span class='ocrx_word' id='word_1_450' title='bbox 1031 3656 1152 3735; x_wconf 55' lang='grc' dir='ltr'><strong><em>ἐχρῆν(</em></strong></span> <span class='ocrx_word' id='word_1_451' title='bbox 1138 3664 1213 3731; x_wconf 84' lang='grc' dir='ltr'><strong><em>ορᾶν</em></strong></span> <span class='ocrx_word' id='word_1_452' title='bbox 1229 3650 1362 3724; x_wconf 81' lang='grc' dir='ltr'><strong><em>άπαντας</em></strong></span> <span class='ocrx_word' id='word_1_453' title='bbox 1378 3651 1448 3726; x_wconf 84' lang='grc' dir='ltr'><strong><em>μεθ’</em></strong></span> 
     </span>
     <span class='ocr_line' id='line_1_39' title="bbox 194 3738 1449 3844; baseline -0.006 -37"><span class='ocrx_word' id='word_1_454' title='bbox 194 3744 304 3821; x_wconf 82' lang='grc' dir='ltr'><strong><em>ήμέραν</em></strong></span> <span class='ocrx_word' id='word_1_455' title='bbox 324 3738 417 3806; x_wconf 76' lang='lat'><strong><em>55⁰</em></strong></span> <span class='ocrx_word' id='word_1_456' title='bbox 399 3768 481 3815; x_wconf 88' lang='grc' dir='ltr'><strong><em>οοοις</em></strong></span> <span class='ocrx_word' id='word_1_457' title='bbox 506 3744 629 3807; x_wconf 79' lang='grc' dir='ltr'><strong><em>ἔλαττον</em></strong></span> <span class='ocrx_word' id='word_1_458' title='bbox 650 3739 741 3805; x_wconf 78' lang='grc' dir='ltr'><strong><em>καί“</em></strong></span> <span class='ocrx_word' id='word_1_459' title='bbox 723 3768 804 3815; x_wconf 89' lang='grc' dir='ltr'><strong><em>οσοις</em></strong></span> <span class='ocrx_word' id='word_1_460' title='bbox 822 3752 924 3805; x_wconf 89' lang='grc' dir='ltr'><strong><em>πλεῖον</em></strong></span> <span class='ocrx_word' id='word_1_461' title='bbox 945 3746 980 3805; x_wconf 89' lang='grc' dir='ltr'><strong><em>τό</em></strong></span> <span class='ocrx_word' id='word_1_462' title='bbox 999 3752 1071 3820; x_wconf 87' lang='grc' dir='ltr'><strong><em>φῶς,</em></strong></span> <span class='ocrx_word' id='word_1_463' title='bbox 1094 3744 1179 3807; x_wconf 81' lang='grc' dir='ltr'><strong><em>τόδὲ</em></strong></span> <span class='ocrx_word' id='word_1_464' title='bbox 1199 3745 1308 3816; x_wconf 80' lang='grc' dir='ltr'><strong><em>μέλανα</em></strong></span> <span class='ocrx_word' id='word_1_465' title='bbox 1326 3738 1449 3844; x_wconf 85' lang='grc' dir='ltr'><strong><em>νύκτωρ.</em></strong></span> 
     </span>
     <span class='ocr_line' id='line_1_40' title="bbox 196 3823 1449 3907; baseline -0.003 -16"><span class='ocrx_word' id='word_1_466' title='bbox 196 3838 245 3893; x_wconf 88' lang='lat'><strong><em>555</em></strong></span> <span class='ocrx_word' id='word_1_467' title='bbox 262 3834 292 3893; x_wconf 78' lang='grc' dir='ltr'><strong><em>δὲ</em></strong></span> <span class='ocrx_word' id='word_1_468' title='bbox 309 3830 416 3901; x_wconf 87' lang='grc' dir='ltr'><strong><em>πάντες</em></strong></span> <span class='ocrx_word' id='word_1_469' title='bbox 433 3828 547 3893; x_wconf 77' lang='grc' dir='ltr'><strong><em>ἅπαντα</em></strong></span> <span class='ocrx_word' id='word_1_470' title='bbox 564 3826 634 3902; x_wconf 89' lang='grc' dir='ltr'><strong><em>μεθ’</em></strong></span> <span class='ocrx_word' id='word_1_471' title='bbox 652 3826 762 3905; x_wconf 82' lang='grc' dir='ltr'><strong><em>ήμέραν</em></strong></span> <span class='ocrx_word' id='word_1_472' title='bbox 783 3830 931 3903; x_wconf 71' lang='grc' dir='ltr'><strong><em>μάλλον“</em></strong></span> <span class='ocrx_word' id='word_1_473' title='bbox 913 3837 1006 3907; x_wconf 89' lang='grc' dir='ltr'><strong><em>ορῶσι</em></strong></span> <span class='ocrx_word' id='word_1_474' title='bbox 1024 3830 1097 3907; x_wconf 85' lang='grc' dir='ltr'><strong><em>πλήν</em></strong></span> <span class='ocrx_word' id='word_1_475' title='bbox 1122 3825 1229 3905; x_wconf 92' lang='grc' dir='ltr'><strong><em>όλίγων</em></strong></span> <span class='ocrx_word' id='word_1_476' title='bbox 1246 3825 1350 3899; x_wconf 80' lang='grc' dir='ltr'><strong><em>ζῶιων.</em></strong></span> <span class='ocrx_word' id='word_1_477' title='bbox 1385 3823 1449 3887; x_wconf 89' lang='grc' dir='ltr'><strong><em>τού·</em></strong></span> 
     </span>
     <span class='ocr_line' id='line_1_41' title="bbox 145 3908 1449 3993; baseline -0.005 -16"><span class='ocrx_word' id='word_1_478' title='bbox 145 3934 175 3985; x_wconf 80' lang='lat'><strong><em>40</em></strong></span> <span class='ocrx_word' id='word_1_479' title='bbox 196 3938 257 3986; x_wconf 92' lang='grc' dir='ltr'><strong><em>τοις</em></strong></span> <span class='ocrx_word' id='word_1_480' title='bbox 274 3912 302 3978; x_wconf 90' lang='grc' dir='ltr'><strong><em>δ’</em></strong></span> <span class='ocrx_word' id='word_1_481' title='bbox 320 3916 442 3993; x_wconf 80' lang='grc' dir='ltr'><strong><em>εὔλογον</em></strong></span> <span class='ocrx_word' id='word_1_482' title='bbox 459 3910 542 3977; x_wconf 79' lang='grc' dir='ltr'><strong><em>τοῦτ’</em></strong></span> <span class='ocrx_word' id='word_1_483' title='bbox 565 3913 671 3990; x_wconf 87' lang='grc' dir='ltr'><strong><em>ἰσχύειν</em></strong></span> <span class='ocrx_word' id='word_1_484' title='bbox 688 3914 723 3975; x_wconf 89' lang='grc' dir='ltr'><strong><em>τό</em></strong></span> <span class='ocrx_word' id='word_1_485' title='bbox 743 3912 852 3976; x_wconf 87' lang='grc' dir='ltr'><strong><em>οἰκεῖον</em></strong></span> <span class='ocrx_word' id='word_1_486' title='bbox 869 3921 936 3990; x_wconf 78' lang='grc' dir='ltr'><strong><em>πῦρ,</em></strong></span> <span class='ocrx_word' id='word_1_487' title='bbox 960 3908 1061 3990; x_wconf 78' lang='grc' dir='ltr'><strong><em>ῶσπερ</em></strong></span> <span class='ocrx_word' id='word_1_488' title='bbox 1078 3912 1139 3975; x_wconf 79' lang='grc' dir='ltr'><strong><em>ἔνια</em></strong></span> <span class='ocrx_word' id='word_1_489' title='bbox 1156 3918 1205 3974; x_wconf 88' lang='grc' dir='ltr'><strong><em>καί</em></strong></span> <span class='ocrx_word' id='word_1_490' title='bbox 1222 3919 1268 3987; x_wconf 84' lang='grc' dir='ltr'><strong><em>τῆι</em></strong></span> <span class='ocrx_word' id='word_1_491' title='bbox 1284 3910 1373 3987; x_wconf 84' lang='grc' dir='ltr'><strong><em>χρόαι</em></strong></span> <span class='ocrx_word' id='word_1_492' title='bbox 1390 3916 1449 3971; x_wconf 92' lang='grc' dir='ltr'><strong><em>δια·</em></strong></span> 
     </span>
     <span class='ocr_line' id='line_1_42' title="bbox 194 4000 625 4077; baseline -0.009 -14"><span class='ocrx_word' id='word_1_493' title='bbox 194 4004 300 4073; x_wconf 86' lang='grc' dir='ltr'><strong><em>λάμπει</em></strong></span> <span class='ocrx_word' id='word_1_494' title='bbox 317 4008 430 4075; x_wconf 82' lang='grc' dir='ltr'><strong><em>μᾶλλον</em></strong></span> <span class='ocrx_word' id='word_1_495' title='bbox 447 4008 497 4077; x_wconf 83' lang='grc' dir='ltr'><strong><em>τῆς</em></strong></span> <span class='ocrx_word' id='word_1_496' title='bbox 514 4000 625 4070; x_wconf 90' lang='grc' dir='ltr'><strong><em>νυκτός.</em></strong></span> 
     </span>
     <span class='ocr_line' id='line_1_43' title="bbox 297 4096 1500 4181; baseline -0.008 -16"><span class='ocrx_word' id='word_1_497' title='bbox 297 4102 338 4165; x_wconf 83' lang='grc' dir='ltr'><strong><em>ἐτι</em></strong></span> <span class='ocrx_word' id='word_1_498' title='bbox 356 4100 383 4165; x_wconf 88' lang='lat'><strong><em>5&#39;</em></strong></span> <span class='ocrx_word' id='word_1_499' title='bbox 401 4101 446 4177; x_wconf 77' lang='grc' dir='ltr'><strong><em>οἷς</em></strong></span> <span class='ocrx_word' id='word_1_500' title='bbox 463 4101 480 4181; x_wconf 91' lang='lat'><strong><em>5</em></strong></span> <span class='ocrx_word' id='word_1_501' title='bbox 497 4112 599 4179; x_wconf 83' lang='grc' dir='ltr'><strong><em>κρᾶσις</em></strong></span> <span class='ocrx_word' id='word_1_502' title='bbox 615 4104 648 4175; x_wconf 79' lang='grc' dir='ltr'><strong><em>ἐξ</em></strong></span> <span class='ocrx_word' id='word_1_503' title='bbox 663 4102 742 4173; x_wconf 73' lang='grc' dir='ltr'><strong><em>ἰσων,</em></strong></span> <span class='ocrx_word' id='word_1_504' title='bbox 761 4098 870 4178; x_wconf 89' lang='grc' dir='ltr'><strong><em>άυάγκη</em></strong></span> <span class='ocrx_word' id='word_1_505' title='bbox 893 4098 1081 4171; x_wconf 80' lang='grc' dir='ltr'><strong><em>συναύξεσθαι</em></strong></span> <span class='ocrx_word' id='word_1_506' title='bbox 1098 4100 1172 4162; x_wconf 90' lang='grc' dir='ltr'><strong><em>κατά</em></strong></span> <span class='ocrx_word' id='word_1_507' title='bbox 1190 4102 1280 4174; x_wconf 79' lang='grc' dir='ltr'><strong><em>μέρος</em></strong></span> <span class='ocrx_word' id='word_1_508' title='bbox 1297 4096 1447 4172; x_wconf 74' lang='grc' dir='ltr'><strong><em>ἑκάτερον·</em></strong></span> <span class='ocrx_word' id='word_1_509' title='bbox 1469 4104 1500 4156; x_wconf 83' lang='grc'><strong><em>19</em></strong></span> 
     </span>
     <span class='ocr_line' id='line_1_44' title="bbox 195 4182 1450 4297; baseline -0.005 -48"><span class='ocrx_word' id='word_1_510' title='bbox 195 4186 254 4250; x_wconf 81' lang='grc' dir='ltr'><strong><em>ὥστ</em></strong></span> <span class='ocrx_word' id='word_1_511' title='bbox 260 4184 313 4251; x_wconf 83' lang='grc' dir='ltr'><strong><em>ἐἰ</em></strong></span> <span class='ocrx_word' id='word_1_512' title='bbox 328 4188 497 4297; x_wconf 88' lang='grc' dir='ltr'><strong><em>πλεονάζον</em></strong></span> <span class='ocrx_word' id='word_1_513' title='bbox 508 4186 612 4253; x_wconf 88' lang='grc' dir='ltr'><strong><em>κωλύει</em></strong></span> <span class='ocrx_word' id='word_1_514' title='bbox 629 4184 791 4264; x_wconf 80' lang='grc' dir='ltr'><strong><em>θάτερονι</em></strong></span> <span class='ocrx_word' id='word_1_515' title='bbox 777 4194 858 4261; x_wconf 86' lang='grc' dir='ltr'><strong><em>ορᾶν,</em></strong></span> <span class='ocrx_word' id='word_1_516' title='bbox 877 4184 1015 4248; x_wconf 73' lang='grc' dir='ltr'><strong><em>ἁπάντων</em></strong></span> <span class='ocrx_word' id='word_1_517' title='bbox 1032 4184 1069 4247; x_wconf 84' lang='grc' dir='ltr'><strong><em>όν</em></strong></span> <span class='ocrx_word' id='word_1_518' title='bbox 1086 4186 1129 4261; x_wconf 81' lang='grc' dir='ltr'><strong><em>εἴη</em></strong></span> <span class='ocrx_word' id='word_1_519' title='bbox 1146 4190 1332 4261; x_wconf 86' lang='grc' dir='ltr'><strong><em>παραπλησία</em></strong></span> <span class='ocrx_word' id='word_1_520' title='bbox 1354 4182 1450 4289; x_wconf 75' lang='grc' dir='ltr'><strong><em>πωςή</em></strong></span> 
     </span>
     <span class='ocr_line' id='line_1_45' title="bbox 195 4268 1450 4375; baseline -0.004 -40"><span class='ocrx_word' id='word_1_521' title='bbox 195 4272 328 4346; x_wconf 90' lang='grc' dir='ltr'><strong><em>διάθεσις.</em></strong></span> <span class='ocrx_word' id='word_1_522' title='bbox 369 4273 440 4339; x_wconf 76' lang='grc' dir='ltr'><strong><em>άίλό</em></strong></span> <span class='ocrx_word' id='word_1_523' title='bbox 464 4278 499 4338; x_wconf 84' lang='grc' dir='ltr'><strong><em>τά</em></strong></span> <span class='ocrx_word' id='word_1_524' title='bbox 521 4280 574 4349; x_wconf 75' lang='grc' dir='ltr'><strong><em>μὲν</em></strong></span> <span class='ocrx_word' id='word_1_525' title='bbox 596 4283 646 4350; x_wconf 80' lang='grc' dir='ltr'><strong><em>τῆς</em></strong></span> <span class='ocrx_word' id='word_1_526' title='bbox 670 4273 768 4350; x_wconf 83' lang='grc' dir='ltr'><strong><em>όιρεως</em></strong></span> <span class='ocrx_word' id='word_1_527' title='bbox 789 4269 870 4348; x_wconf 84' lang='grc' dir='ltr'><strong><em>πάθη</em></strong></span> <span class='ocrx_word' id='word_1_528' title='bbox 882 4270 1098 4375; x_wconf 44' lang='grc' dir='ltr'><strong><em>’χαλεπώτερον</em></strong></span> <span class='ocrx_word' id='word_1_529' title='bbox 1120 4268 1200 4330; x_wconf 78' lang='grc' dir='ltr'><strong><em>ἔσται</em></strong></span> <span class='ocrx_word' id='word_1_530' title='bbox 1222 4278 1331 4331; x_wconf 89' lang='grc' dir='ltr'><strong><em>διελεῖν.</em></strong></span> <span class='ocrx_word' id='word_1_531' title='bbox 1365 4269 1403 4331; x_wconf 85' lang='grc' dir='ltr'><strong><em>τό</em></strong></span> <span class='ocrx_word' id='word_1_532' title='bbox 1420 4272 1450 4330; x_wconf 81' lang='grc' dir='ltr'><strong><em>δέ</em></strong></span> 
     </span>
     <span class='ocr_line' id='line_1_46' title="bbox 142 4349 1449 4435; baseline -0.01 -9"><span class='ocrx_word' id='word_1_533' title='bbox 142 4376 172 4426; x_wconf 76' lang='grc' dir='ltr'><strong><em>λθ</em></strong></span> <span class='ocrx_word' id='word_1_534' title='bbox 194 4366 261 4433; x_wconf 87' lang='grc' dir='ltr'><strong><em>περί</em></strong></span> <span class='ocrx_word' id='word_1_535' title='bbox 277 4362 330 4430; x_wconf 86' lang='grc' dir='ltr'><strong><em>τός</em></strong></span> <span class='ocrx_word' id='word_1_536' title='bbox 346 4360 593 4435; x_wconf 86' lang='grc' dir='ltr'><strong><em>όλλαςαίοθήαεις</em></strong></span> <span class='ocrx_word' id='word_1_537' title='bbox 610 4368 672 4429; x_wconf 89' lang='grc' dir='ltr'><strong><em>πῶς</em></strong></span> <span class='ocrx_word' id='word_1_538' title='bbox 688 4364 834 4432; x_wconf 89' lang='grc' dir='ltr'><strong><em>κρίνωμεν</em></strong></span> <span class='ocrx_word' id='word_1_539' title='bbox 852 4362 904 4417; x_wconf 89' lang='grc' dir='ltr'><strong><em>τῶι</em></strong></span> <span class='ocrx_word' id='word_1_540' title='bbox 922 4354 990 4430; x_wconf 78' lang='grc' dir='ltr'><strong><em>ὁμοί</em></strong></span> <span class='ocrx_word' id='word_1_541' title='bbox 991 4379 1039 4424; x_wconf 89' lang='grc' dir='ltr'><strong><em>ωι,·</em></strong></span> <span class='ocrx_word' id='word_1_542' title='bbox 1057 4356 1092 4416; x_wconf 87' lang='grc' dir='ltr'><strong><em>τό</em></strong></span> <span class='ocrx_word' id='word_1_543' title='bbox 1108 4355 1166 4430; x_wconf 90' lang='grc' dir='ltr'><strong><em>γάρ</em></strong></span> <span class='ocrx_word' id='word_1_544' title='bbox 1180 4352 1284 4428; x_wconf 88' lang='grc' dir='ltr'><strong><em>όμοισν</em></strong></span> <span class='ocrx_word' id='word_1_545' title='bbox 1302 4349 1449 4427; x_wconf 92' lang='grc' dir='ltr'><strong><em>άόριστσν.</em></strong></span> 
     </span>
     <span class='ocr_line' id='line_1_47' title="bbox 196 4434 1449 4521; baseline -0.005 -16"><span class='ocrx_word' id='word_1_546' title='bbox 196 4443 263 4506; x_wconf 88' lang='grc' dir='ltr'><strong><em>ούτε</em></strong></span> <span class='ocrx_word' id='word_1_547' title='bbox 280 4446 338 4521; x_wconf 86' lang='grc' dir='ltr'><strong><em>γάρ</em></strong></span> <span class='ocrx_word' id='word_1_548' title='bbox 356 4443 456 4521; x_wconf 81' lang='grc' dir='ltr'><strong><em>ψόφωι</em></strong></span> <span class='ocrx_word' id='word_1_549' title='bbox 474 4446 529 4505; x_wconf 89' lang='grc' dir='ltr'><strong><em>τόν</em></strong></span> <span class='ocrx_word' id='word_1_550' title='bbox 541 4434 694 4521; x_wconf 82' lang='grc' dir='ltr'><strong><em>ψόφον</em></strong></span> <span class='ocrx_word' id='word_1_551' title='bbox 660 4438 725 4505; x_wconf 83' lang='grc' dir='ltr'><strong><em>ουτ’</em></strong></span> <span class='ocrx_word' id='word_1_552' title='bbox 745 4438 830 4517; x_wconf 84' lang='grc' dir='ltr'><strong><em>όσμῆι</em></strong></span> <span class='ocrx_word' id='word_1_553' title='bbox 848 4443 899 4517; x_wconf 87' lang='grc' dir='ltr'><strong><em>τήν</em></strong></span> <span class='ocrx_word' id='word_1_554' title='bbox 917 4438 1009 4516; x_wconf 81' lang='grc' dir='ltr'><strong><em>όσμὴν</em></strong></span> <span class='ocrx_word' id='word_1_555' title='bbox 1026 4438 1094 4503; x_wconf 78' lang='grc' dir='ltr'><strong><em>οὔτε</em></strong></span> <span class='ocrx_word' id='word_1_556' title='bbox 1112 4453 1175 4510; x_wconf 89' lang='grc' dir='ltr'><strong><em>τοῖς</em></strong></span> <span class='ocrx_word' id='word_1_557' title='bbox 1187 4440 1284 4509; x_wconf 82' lang='grc' dir='ltr'><strong><em>ἄλλοις</em></strong></span> <span class='ocrx_word' id='word_1_558' title='bbox 1299 4452 1362 4507; x_wconf 90' lang='grc' dir='ltr'><strong><em>τοῖς</em></strong></span> <span class='ocrx_word' id='word_1_559' title='bbox 1381 4436 1449 4513; x_wconf 83' lang='grc' dir='ltr'><strong><em>δμο-</em></strong></span> 
     </span>
     <span class='ocr_line' id='line_1_48' title="bbox 195 4522 1450 4604; baseline -0.008 -13"><span class='ocrx_word' id='word_1_560' title='bbox 195 4531 315 4604; x_wconf 82' lang='grc' dir='ltr'><strong><em>γενίσιν,</em></strong></span> <span class='ocrx_word' id='word_1_561' title='bbox 333 4525 404 4591; x_wconf 87' lang='grc' dir='ltr'><strong><em>άλλά</em></strong></span> <span class='ocrx_word' id='word_1_562' title='bbox 427 4528 577 4603; x_wconf 68' lang='grc' dir='ltr'><strong><em>μιλλλσνι</em></strong></span> <span class='ocrx_word' id='word_1_563' title='bbox 555 4554 595 4600; x_wconf 93' lang='grc' dir='ltr'><strong><em>ως</em></strong></span> <span class='ocrx_word' id='word_1_564' title='bbox 613 4533 703 4591; x_wconf 89' lang='grc' dir='ltr'><strong><em>εἰπεῖν</em></strong></span> <span class='ocrx_word' id='word_1_565' title='bbox 724 4539 786 4597; x_wconf 86' lang='grc' dir='ltr'><strong><em>τοῖς</em></strong></span> <span class='ocrx_word' id='word_1_566' title='bbox 803 4527 953 4596; x_wconf 84' lang='grc' dir='ltr'><strong><em>ἐναντίοις.</em></strong></span> <span class='ocrx_word' id='word_1_567' title='bbox 989 4522 1089 4601; x_wconf 85' lang='grc' dir='ltr'><strong><em>άπαθή</em></strong></span> <span class='ocrx_word' id='word_1_568' title='bbox 1110 4526 1166 4602; x_wconf 88' lang='grc' dir='ltr'><strong><em>γάρ</em></strong></span> <span class='ocrx_word' id='word_1_569' title='bbox 1189 4533 1234 4587; x_wconf 89' lang='grc' dir='ltr'><strong><em>δεῖ</em></strong></span> <span class='ocrx_word' id='word_1_570' title='bbox 1248 4525 1299 4601; x_wconf 82' lang='grc' dir='ltr'><strong><em>τήν</em></strong></span> <span class='ocrx_word' id='word_1_571' title='bbox 1318 4523 1450 4599; x_wconf 76' lang='grc' dir='ltr'><strong><em>αἴσθησιν</em></strong></span> 
     </span>
    </p>
   </div>
   <div class='ocr_carea' id='block_1_4' title="bbox 0 0 1759 5075">
    <p class='ocr_par' dir='ltr' id='par_1_10' title="bbox 0 0 1759 5075">
     <span class='ocr_line' id='line_1_49' title="bbox 0 0 1759 5075; baseline 0 0"><span class='ocrx_word' id='word_1_572' title='bbox 0 0 1759 5075; x_wconf 95' lang='lat' dir='ltr'><strong><em> </em></strong></span> 
     </span>
    </p>
   </div>
  </div>
 </body>
</html>
