3500 5075
596 320 959 379 mommio-41.
1307 288 1309 293 ’
1369 321 1412 381 οε

258 496 300 547 4θ.
317 522 352 534 -
370 496 439 558 20,3
458 491 502 558 [1).
515 495 575 559 3431
593 496 627 553 Ξ.
639 490 673 551 έκ
684 496 781 564 νεφῶν
792 492 1008 564 πεπυρωμένων
1024 486 1097 551 εἶναι
1114 486 1168 550 τὸν
1179 483 1269 563 ήλιον.
1295 490 1359 559 [hoo
1375 507 1412 549 ox

153 576 346 648 Thoophmto
362 592 413 647 por
428 575 618 645 Posidonium,
635 577 759 649 sequitm
773 578 860 647 ipsius
876 577 1014 649 iiioophr.
1032 578 1150 649 ooiogoz]
1169 571 1361 650 θεόφραστος
1377 577 1411 635 έν

154 672 218 730 τοῖς
237 666 374 729 Φυσικοῖς
390 662 434 728 [ir.
448 666 490 728 15]
505 662 652 736 γέγραφεν
668 661 702 722 έκ
719 664 857 736 πυριδίων
873 668 934 720 τοῖν
948 662 1221 736 συναθροιζομένων
1236 663 1291 733 μέν
1306 661 1342 721 έκ
1357 667 1408 737 τῆς

153 742 247 823 έγράς
263 740 494 819 ἀναθυμιάσεως,
513 744 768 823 συναθροιζόντων
784 747 815 807 δέ
831 748 886 808 τόν
903 738 995 821 ἡλιον.

258 889 301 940 41.
318 914 351 925 -
369 884 479 950 Π24,4
498 883 544 949 ΙΙ).
556 888 615 949 3541
640 888 672 945 Ξ.
693 879 769 942 κατὰ
794 884 893 959 σβέσιν
915 888 962 954 [sc.
979 884 1031 957 τήν
1052 881 1188 957 ἔκλειψιν,
1205 884 1305 940 motin!
1321 878 1409 951 δόσιν,

155 966 241 1043 ἡλίου
251 972 394 1043 γίνεσθαι]
412 965 515 1043 έτερον
532 970 562 1028 δέ
573 966 659 1027 πόλιν
677 978 740 1037 ταῖς
751 963 909 1037 ἀνατολαῖς
924 972 1068 1043 γίνεσθαι.
1098 963 1296 1071 παγιστόρηκε
1312 968 1411 1026 δέκα)

154 1054 286 1129 έκλειφιν
301 1049 383 1127 ἡλίου
399 1050 446 1126 ἐφ’
469 1051 542 1111 ὅλον
563 1058 638 1127 μῆνα
664 1056 714 1111 καί
735 1050 823 1112 πόλιν
844 1049 972 1127 ἔκλειψιν
993 1052 1101 1126 έντελῆ,
1124 1074 1199 1113 ωστε
1222 1050 1275 1125 τὴν
1299 1046 1411 1126 ἡμέραν

156 1137 245 1199 νύκτα
262 1142 387 1211 φανῆναι
405 1138 444 1206 [in
461 1155 572 1195 consum
584 1140 701 1195 veniunt
712 1139 825 1211 eclipses
836 1139 938 1196 toioioo
954 1155 980 1195 ιι.
992 1143 1051 1195 542.
1063 1143 1122 1195 531.
1135 1143 1194 1196 535.
1209 1143 1268 1195 517.
1280 1143 1339 1195 553.
1352 1143 1412 1195 552.

154 1230 215 1282 493.
227 1230 287 1282 427.
298 1229 350 1281 iio
367 1223 402 1280 oi.
421 1222 516 1280 Ginzoi
533 1223 637 1279 Καποπ
653 1240 680 1293 ρ.
693 1228 814 1296 54ειῆο.].

258 1349 301 1400 41.
317 1375 352 1385 -
369 1344 479 1411 11249
498 1342 543 1409 [D.
555 1346 615 1409 355]
638 1347 671 1405 Ξ.
689 1339 815 1411 πολλοὺς
836 1339 910 1403 είναι
928 1338 1025 1416 ἡλίους
1041 1348 1091 1401 καί
1113 1338 1235 1415 σελήνας
1256 1339 1332 1403 κατά
1351 1344 1411 1399 κλί-

155 1450 234 1499 ματα
255 1432 307 1501 τῆς
326 1432 378 1503 γῆς
394 1431 444 1486 καί
465 1421 620 1497 ἀποτομὰς
643 1431 692 1485 καί
714 1425 816 1499 ζόνας,
838 1425 914 1488 κατὰ
932 1430 963 1487 δέ
984 1449 1049 1487 τινα
1065 1425 1172 1502 καιρὸν
1188 1425 1340 1486 ἐντίκτειν
1356 1422 1412 1486 τὸν

155 1517 256 1573 δίσκον
271 1513 313 1581 είς
328 1534 393 1571 τινα
404 1506 559 1587 ἀποτομὴν
576 1516 626 1585 τῆς
642 1516 694 1586 γῆς
712 1506 766 1571 οόκ
778 1513 948 1587 οἰκουμένην
963 1507 1017 1587 ὕφ’
1034 1508 1117 1587 ἡμῶν
1132 1517 1182 1572 καί
1199 1504 1292 1580 οὕτως
1309 1502 1411 1583 ὅσπερ

154 1603 390 1674 κενεμβατοῦντα
412 1593 540 1671 ἔκλειψιν
560 1591 744 1670 ὕποφαίνειν·
769 1592 786 1657 ι)
810 1592 835 1656 δ’
860 1593 950 1667 αότός
970 1599 1025 1657 τὸν
1047 1589 1129 1671 ἡλιον
1151 1598 1193 1666 εἰς
1215 1595 1341 1673 ἀπειρον
1357 1597 1412 1667 μέν

158 1684 301 1757 προϊέναι,
318 1688 414 1742 δοκεῖν
430 1683 460 1741 δέ
476 1686 643 1741 κυκλεῖσθαι
660 1682 705 1741 διά
723 1679 775 1756 τήν
792 1676 968 1742 ἀπόστασιν.

257 1807 301 1859 42.
317 1832 352 1844 -
368 1802 398 1858 Π
414 1806 457 1869 33,
475 1805 490 1857 8
508 1801 553 1867 [D.
566 1806 625 1869 362]
643 1806 677 1863 Ξ.
694 1798 749 1861 τόν
764 1803 819 1874 μέν
835 1793 920 1875 ήλιον
934 1803 1078 1876 χρήσιμον
1101 1797 1175 1862 είναι
1193 1796 1268 1876 πρὸς
1284 1794 1338 1871 τὴν
1354 1803 1409 1857 τοῦ

155 1888 336 2047 mm?
353 1882 406 1961 τὴν
422 1890 483 1944 των
499 1884 532 1944 έν
549 1879 638 1945 αότιῦι
649 1883 744 1957 ζιόιιυν
760 1888 874 1961 γένεσίν
892 1908 925 1947 τε
940 1891 991 1947 καί
1001 1890 1149 1962 διοίκησιν,
1171 1885 1226 1958 τῆν
1241 1886 1272 1946 δέ
1289 1885 1412 1957 σελήνην

259 2096 302 2147 43.
318 2121 353 2131 -
369 2090 678 2158 112⁵,411>.oool.··:.
698 2091 786 2165 νέφος
812 2089 885 2153 είναι
907 2091 1101 2165 πεπιλημένον
1126 2096 1173 2157 [τε.
1196 2090 1250 2163 τήν
1271 2086 1411 2162 σελήνηνΙ.

157 2176 265 2244 11231
285 2176 329 2242 [D.
342 2178 403 2241 3581
425 2170 651 2249 Ἀναξίμανδρος,
673 2174 850 2251 Ξενοφάνης,
872 2174 1012 2250 Βήρωσος
1033 2173 1106 2235 ίδιον
1130 2169 1220 2248 αέτὴν
1241 2170 1318 2247 ἔχειν
1339 2178 1411 2245 φιός.

156 2261 183 2317 Π
195 2265 265 2329 29,5
283 2260 329 2327 [1).
341 2265 401 2329 330]
419 2264 452 2322 Ξ.
470 2264 519 2319 καί
536 2257 589 2335 τήν
604 2264 739 2335 μηνιαίαυ
756 2256 923 2338 ἀπόκρυψιν
938 2260 1015 2321 κατά
1035 2262 1135 2331 σβέσιν
1151 2266 1198 2328 [ευ.
1215 2261 1367 2334 γίνεσθαιΙ.

260 2384 302 2435 44.
321 2408 353 2420 -
371 2379 413 2435 ΠΙ
429 2384 454 2446 2,
474 2385 504 2436 11
523 2381 570 2448 [D.
586 2385 646 2447 367]
673 2383 707 2443 Ξ.
730 2378 826 2440 πάντα
850 2378 886 2441 τι)
910 2384 1030 2439 τοιαῦτα
1048 2385 1096 2447 [τε.
1118 2378 1256 2452 κομήτας,
1273 2375 1413 2437 διάιττον-

156 2486 219 2536 τας,
236 2467 358 2532 δοκίδας]
376 2468 473 2538 νεφῶν
490 2466 705 2540 πεπυρωμένων
722 2462 888 2540 συστήματα
905 2462 926 2540 ἡ
941 2466 1083 2539 κινήματα
1102 2460 1256 2538 [πιλήματα
1275 2462 1381 2530 Ζείλεε1.

259 2589 303 2642 45.
319 2614 351 2626 -
368 2585 411 2642 ῙΠ
428 2590 453 2653 3,
471 2589 486 2639 θ
505 2585 550 2651 [1).
563 2589 622 2670 3531
645 2589 679 2648 Ξ.
698 2581 850 2661 ἀστραπὰς
867 2588 1001 2658 γίνεσθαι
1018 2584 1265 2659 λαμπρυνομένων
1287 2587 1347 2642 τῶν
1364 2601 1411 2640 νε·

156 2671 222 2742 φιόν
238 2667 312 2728 κατι)
330 2665 382 2742 τήν
397 2672 518 2744 κίνησιν.

258 2791 301 2843 iii.
318 2817 351 2829 -
369 2789 411 2845 111
427 2795 453 2857 4,
470 2795 487 2846 4
505 2790 550 2856 [1).
563 2794 624 2856 371]
648 2793 681 2852 Ξ.
699 2784 760 2850 ἀπ)
779 2793 829 2863 τῆς
845 2794 899 2848 τοῦ
916 2782 999 2861 ἡλίου
1016 2786 1197 2863 θερμότητος
1214 2781 1255 2855 ιές
1272 2779 1410 2861 ἀρκτικοῖς

157 2873 253 2940 αίτίας
269 2866 324 2932 τάν
341 2884 404 2942 τοῖς
413 2877 584 2951 μεταρσίοις
596 2876 771 2948 συμβαίνειν.
800 2868 996 2945 ἀνελκομένου
1006 2870 1064 2948 γὰρ
1080 2871 1115 2932 έκ
1131 2877 1182 2946 τῆς
1193 2866 1340 2943 θαλάττης
1356 2873 1410 2928 τοῦ

155 2953 246 3032 όγροῦ
261 2953 298 3018 τὸ
309 2959 396 3031 γλυκι)
413 2955 458 3018 διά
477 2960 528 3031 τήν
545 2958 754 3033 λεπτομέρειαν
770 2956 992 3032 διακρινόμενον
1009 2957 1081 3033 νέφη
1098 2979 1130 3018 τε
1148 2952 1329 3016 συνιστάνειν
1346 2948 1410 3025 έμι·

153 3039 316 3117 χλοόμενον
331 3046 382 3100 κα)
391 3035 584 3115 καταστάζειν
602 3039 731 3119 ὄμβροις
742 3039 800 3102 ὖπδ
813 3035 956 3118 πιλήσεως
971 3047 1022 3102 καί
1033 3046 1189 3114 διατμίζειν
1200 3037 1236 3100 τὰ
1249 3038 1407 3113 πνεύματα.

155 3122 262 3202 γράφει
279 3148 337 3202 γαρ
353 3125 504 3201 διαρρήδην
516 3122 622 3202 ιπηγὴ
640 3121 668 3186 δ’
685 3158 721 3170 -
737 3119 876 3197 έδατος’
894 3128 937 3197 [fr.
948 3134 991 3198 33,
1004 3133 1040 3196 1]-

258 3251 300 3301 ii.
317 3245 452 3301 Amor.
470 3246 506 3302 do
523 3245 600 3303 ooolo
616 3247 641 3302 B
661 3251 700 3303 13.
717 3251 780 3303 294·
797 3252 829 3304 21
857 3248 886 3306 oi
902 3248 956 3318 μέν
972 3247 1031 3321 γὰρ
1055 3243 1100 3307 διὰ
1122 3250 1214 3306 ταῦτα
1231 3243 1355 3320 ἀπειρσν
1373 3245 1408 3303 τδ

154 3325 235 3388 κάτω
253 3335 303 3401 τῆς
318 3334 371 3404 γῆς
387 3326 463 3388 είναί
479 3350 578 3402 φασιν,
596 3325 645 3389 ἐπ’
663 3329 788 3405 ἄπειρον
805 3325 894 3404 αότὴν
910 3332 1087 3406 ἐρριζῶσθαι
1104 3331 1240 3406 λέγοντες
1257 3321 1357 3404 ὅσπερ
1376 3334 1408 3392 Ξ.

157 3409 173 3472 ό
192 3411 392 3487 Κολοφώνιος,
407 3411 456 3474 ἵνα
472 3410 512 3486 μή
529 3407 680 3488 πράγματ’
698 3411 784 3488 ἔχωσι
802 3420 955 3490 ζητοῦντες
972 3416 1024 3490 τὴν
1041 3418 1146 3477 αἰτίαν.
1182 3412 1226 3475 διὸ
1243 3419 1293 3474 καί
1305 3409 1408 3486 'Eune-

155 3503 259 3571 δοκλῆς
284 3489 378 3567 οὕτως
402 3496 559 3572 ἐπέπληξεν
583 3499 673 3557 είπιδν
693 3495 734 3568 ιός
756 3494 876 3577 ιείπερ
892 3498 1087 3561 -ίδόντων
1115 3501 1158 3569 [fr.
1175 3506 1233 3570 ³⁹13
1250 3499 1285 3557 oi.
1312 3499 1407 3570 SImpi.

154 3585 192 3642 od
201 3585 253 3640 Ar.
265 3583 283 3640 l.
295 3601 318 3642 o.
336 3600 363 3656 p.
376 3588 435 3652 522,
447 3589 462 3638 'i
475 3584 557 3641 Hoib.
576 3578 675 3658 ἀγνοῶ
692 3586 722 3644 δέ
738 3582 795 3659 έγα)
815 3596 878 3654 τοῖς
889 3586 1078 3660 Ξενοφάνους
1089 3583 1170 3645 ἔπεσι
1182 3595 1244 3652 τοῖς
1260 3588 1328 3659 περ)
1345 3579 1410 3641 τοό·

154 3689 209 3727 του
223 3667 262 3743 μή
274 3665 409 3742 έντυχιόν,
427 3665 556 3741 πότερον
567 3665 603 3728 τὸ
614 3665 696 3729 κάτω
707 3669 798 3744 μέρος
808 3675 859 3744 τῆς
875 3675 927 3746 γῆς
938 3669 1063 3744 ἀπειρον
1074 3667 1146 3730 εἶναι
1158 3669 1251 3743 λέγων
1262 3665 1307 3728 διὰ
1319 3671 1408 3726 τοῦτο

153 3753 251 3824 μένειν
267 3747 356 3828 αάτήν
366 3773 452 3828 φησιν
468 3749 487 3826 ή
503 3755 558 3813 τόν
572 3747 711 3813 όποκάτω
729 3761 779 3829 τῆς
794 3759 846 3830 γῆς
857 3752 954 3814 τόπον
969 3759 1019 3814 καί
1037 3755 1142 3829 αίθέρα
1154 3751 1279 3828 ἀπειρον
1295 3757 1345 3811 καί
1362 3748 1408 3810 διὰ

154 3841 243 3897 τοῦτο
256 3831 306 3898 ἐπ’
323 3832 460 3913 ’ἄπειρον
470 3839 709 3914 καταφερομένην
721 3837 773 3913 τὴν
784 3845 837 3914 γῆν
848 3845 945 3899 δοκεῖν
955 3833 1082 3914 ήρεμετν.
1109 3833 1244 3912 οὔτεγὰρ
1257 3835 1274 3896 ι)
1286 3833 1409 3912 Ἄριστο-

155 3922 236 3996 τέλης
247 3922 418 3998 διεσάφησεν
430 3923 497 3985 οὔτε
509 3923 545 3984 τά
556 3918 779 3995 Ἐμπεδοκλέους
790 3921 844 3999 ἔπη
854 3929 972 3998 διορίζει
984 3929 1100 3998 σαφῶς·
1112 3917 1205 3997 *γῆς’
1223 3917 1280 3993 νόιρ
1292 3913 1408 3997 ιβόθή

154 4005 269 4079 λέγοιτο
285 4003 325 4068 ἀν
344 4013 393 4068 καλ
410 4008 505 4070 έκεῑνα
528 4010 569 4078 είς
591 4003 611 4068 ἀ
633 4005 769 4068 κότεισιν.
805 4027 839 4068 ox
856 4011 1011 4068 Aristotele
1027 4009 1157 4067 Pseudo.
1179 4007 1215 4063 do
1231 4005 1315 4064 uxi}
1331 4011 1358 4074 2,
1374 4011 1407 4062 21

153 4107 182 4163 p.
194 4096 256 4148 975·
269 4097 301 4150 32
320 4089 362 4152 έτι
379 4096 409 4152 τί
424 4092 528 4154 κωλύει
545 4098 594 4153 καί
611 4096 702 4152 πλείω
721 4091 792 4154 όντα
814 4092 882 4163 ένὸς
897 4096 1014 4170 μεγέθει
1035 4093 1142 4168 ἀπειρα
1160 4089 1247 4160 είναις
1265 4086 1306 4160 ιός
1321 4095 1371 4150 καί
1391 4086 1407 4148 ό

154 4181 189 4239 Ξ.
201 4175 325 4252 ἀπειρον
341 4175 377 4239 τό
395 4199 427 4238 τε
438 4175 535 4254 βάθος
551 4183 603 4252 τῆς
618 4183 669 4253 γῆς
685 4183 799 4238 καὶτοῦ
816 4173 904 4254 ἀέρος
915 4183 1001 4253 φησίν
1018 4175 1090 4238 είναι
1107 4183 1177 4248 (tum
1188 4179 1256 4235 oitot
1272 4194 1308 4234 ox
1318 4177 1407 4234 Arioi.

153 4261 234 4332 Emp.
250 4262 284 4318 ir.
301 4263 357 4332 uit).
390 4265 465 4322 Ais.
476 4265 519 4322 111
531 4268 585 4332 9,4
603 4264 648 4330 [1).
661 4268 721 4330 356]
744 4266 777 4326 Ξ.
795 4262 829 4323 έκ
845 4268 899 4323 τοῦ
916 4264 1084 4338 κατωτέρου
1103 4263 1210 4337 μέρους
1226 4262 1267 4330 είς
1283 4259 1408 4334 ἀπειρσν

154 4347 262 4418 [μέρος]
279 4345 455 4423 ίρριζωσθαι
472 4351 539 4416 [soil.
551 4346 604 4422 τήν
620 4352 692 4423 γῆνΙ,
710 4347 742 4417 ἐξ
758 4343 846 4423 ἀέρος
862 4349 894 4408 δέ
909 4352 960 4406 καί
976 4345 1068 4422 πυρὸς
1085 4351 1275 4421 συμπαγῆναι.
1310 4346 1407 4413 11111,

155 4435 206 4488 1.2
224 4431 270 4498 [1).
282 4438 342 4500 37⁷]
361 4433 388 4492 ο)
405 4428 466 4494 ἀπὸ
486 4431 588 4494 θόλειο
605 4432 658 4508 εὴν
674 4439 727 4509 γῆν
743 4434 840 4510 μέσην,
859 4439 893 4496 Ξ.
912 4430 1042 4509 πρώτην·
1060 4433 1102 4501 εἰς
1118 4431 1242 4508 ἀπειρσν
1258 4428 1316 4506 γὰρ
1333 4429 1408 4504 έρρι·

205 4525 301 4582 Dicin.
314 4527 400 4574 Potiu
414 4527 497 4585 ρλλΙικ.
770 4543 776 4552 ·
1186 4523 1203 4574 3
