3500 5075
519 338 552 393 Β.
570 339 783 399 FR117-121.
819 346 991 403 nemo!
1328 357 1389 416 155

605 515 653 566 120
672 516 713 578 [31
732 513 776 580 K,
794 519 844 570 392
862 515 913 580 St]

235 590 385 647 Pomm
403 593 439 648 (1ο
456 601 536 651 antro
553 597 693 667 nymph.8
711 615 738 668 p.
751 603 793 666 61,
807 604 838 655 19
856 601 961 657 Nauck
985 600 1066 677 παρά
1084 625 1116 664 τε
1134 602 1191 680 γὰρ
1208 601 1392 679 Ἐμπεδοκλεῖ

137 673 168 731 αί
185 681 376 748 ιμιχσπομποί
394 675 526 749 δυνάμεις
542 681 592 747 (εἰσ
608 685 690 748 reete)
707 683 839 756 λέγουσιν

290 783 463 870 ηλύθομεν
486 780 561 850 τόδ’
586 781 650 850 ὑπ’
675 793 797 877 δντρον
819 794 1010 878 ῦπδστεγον
1033 846 1039 859 .
1059 846 1091 860 ,.

135 896 215 970 παρά
233 919 265 958 τε
284 897 417 960 Πλάτωνι
440 899 472 958 ἐν
494 907 547 960 τεῦι
569 899 696 976 ἑβδόμωι
717 909 768 977 τῆς
786 909 938 974 Πολιτείας
955 914 991 978 [p.
1005 915 1055 965 514
1064 912 1103 976 Al
1127 912 1239 984 λέγεται
1257 907 1316 972 ζίδέ
1332 914 1389 988 γὰρ

135 981 310 1060 ἀνθρώπους
333 983 398 1046 οἷον
420 985 452 1045 ἐν
472 991 630 1061 καταγείωι
653 987 772 1060 [άντρωι
792 993 851 1056 καίΙ
877 989 1011 1062 οἰκήματι
1034 991 1219 1066 σπηλαιιόδει’
1240 1003 1301 1055 κτλ.

137 1065 182 1131 ότι
198 1073 252 1144 μὲν
269 1065 321 1131 οὖν
332 1067 480 1148 σύμβολον
492 1069 604 1143 κόσμου
621 1071 658 1131 τά
676 1069 768 1144 άντρα
785 1078 833 1130 καί
852 1078 911 1132 τῶν
921 1073 1086 1149 ἐγκοσμίων
1097 1076 1245 1152 δυνάμεων
1255 1081 1389 1142 ἐτίθεντο

136 1157 165 1216 ολ
180 1155 330 1230 θεολόγοι,
348 1154 392 1216 διά
405 1155 511 1215 τούτου
523 1157 685 1230 δελήλωται.
720 1159 837 1215 Ρτοτοτ.
849 1160 920 1215 Em
932 1161 973 1217 1v
984 1165 1009 1229 8,
1023 1167 1035 1218 1
1055 1164 1135 1221 Plato
1153 1162 1185 1222 ἐν
1196 1174 1322 1240 φρουρεῖν
1339 1167 1391 1242 τήν

136 1239 229 1316 ψυχήν
240 1262 326 1316 φησιν
337 1237 410 1301 εἶναι
427 1247 477 1300 καί
494 1240 529 1301 τό
543 1238 684 1315 σπήλαιον
702 1235 791 1302 αότιόι
808 1235 909 1316 (όσπερ
920 1239 1105 1315 Ἐμπεδοκλεῖ
1119 1247 1154 1308 τὸ
1173 1248 1305 1324 ἄντρον
1323 1248 1390 1314 τόδε

135 1325 170 1386 τό
188 1330 248 1386 πᾶν
264 1331 345 1386 δοκεῖ
360 1347 412 1398 μοι
428 1329 529 1401 λέγειν,
554 1319 630 1386 όπου
646 1349 679 1402 γε
696 1327 775 1387 λόσιν
797 1332 857 1387 τιῦν
875 1335 988 1401 δεσμόν
1011 1336 1059 1389 καί
1077 1330 1186 1391 ἄνοδον
1201 1335 1235 1394 ἐκ
1251 1343 1305 1395 τοῦ
1322 1358 1390 1411 σπη-

135 1416 219 1472 λαίου
244 1417 289 1486 τήι
310 1419 397 1487 ψυχῆι
418 1434 503 1486 φησιν
529 1409 602 1472 εἶναι
625 1412 676 1485 τήν
702 1413 779 1486 πρός
804 1413 839 1474 τό
867 1416 976 1488 νοητόν
998 1419 1123 1488 πορείαν
1147 1419 1220 1485 [hInc
1237 1423 1311 1479 Aen.
1324 1422 1390 1480 (λετ.

134 1497 272 1570 Ήεοορλιτ.
292 1515 320 1569 p.
333 1503 349 1554 δ
365 1499 465 1564 Boissp

514 1639 562 1691 121
582 1639 632 1700 [13.
645 1639 687 1690 21.
700 1640 732 1691 22
751 1633 795 1700 K,
815 1639 950 1692 ³85-388
969 1636 1018 1702 St]

239 1725 262 1776 1.
275 1725 299 1776 2.
310 1725 327 1774 4
345 1720 483 1776 Ηωειτοοῐ..
494 1721 532 1778 τό
543 1737 565 1776 ο.
578 1737 635 1776 aur.
646 1725 680 1777 24
698 1721 734 1776 nd
750 1738 779 1775 v.
793 1725 825 1775 54
834 1737 896 1792 sqq.
914 1718 1007 1779 ἄνεισι
1023 1723 1053 1780 δὲ
1063 1726 1113 1780 καί
1130 1721 1183 1797 τήν
1193 1719 1322 1798 α’ρχαίαν
1333 1724 1390 1797 ἕξιν

135 1800 345 1882 ἀπολαμβάνει,
368 1806 396 1863 εἰ
416 1800 502 1878 φόγοι
524 1801 560 1864 τὰ
582 1809 649 1876 περί
670 1810 724 1879 γῆν
743 1809 794 1862 καί
815 1803 869 1862 τὸν
895 1798 1050 1877 ότερπέα
1065 1813 1185 1881 χῶρον
1207 1806 1247 1878 τός
1266 1807 1283 1870 ό
1302 1807 1391 1882 αότός

135 1894 218 1966 λέγει,
236 1888 323 1950 ἔνθα
337 1923 368 1932 -
382 1892 520 1963 ίίηρῶν,
541 1891 583 1958 είς
607 1884 643 1948 όν
666 1890 694 1948 οί
717 1887 893 1962 ἐμπεσόντες
911 1883 1290 1964 ι’Ἀτης-ήλάσκοόσί·
1326 1893 1391 1970 ήδέ

135 1974 231 2051 ἔφεσις
248 1981 301 2036 τοῦ
318 1973 478 2050 φεύγοντος
495 1973 550 2034 τόν
566 1979 616 2047 τής
629 1973 721 2049 Ἄτης
737 1979 891 2046 λειμιῦνα
914 1972 990 2046 πρός
1010 1972 1064 2033 τόν
1086 1982 1136 2050 τῆς
1152 1971 1297 2052 Ἀληθείας
1313 1981 1390 2042 ἐπες.

134 2084 216 2139 γεται
233 2067 366 2134 λειμῶνα,
385 2056 420 2120 όν
437 2055 590 2120 άντολιπών
607 2065 651 2134 τήι
671 2055 756 2132 όρμῆι
773 2064 824 2132 τῆς
845 2054 1085 2132 πτερορρυήσεως
1102 2062 1143 2129 εἰς
1158 2059 1259 2136 γήινον
1276 2062 1390 2141 ἔρχεται

135 2154 219 2221 σῶμα
239 2144 339 2222 όλβίου
357 2147 463 2214 αἰῶνος
481 2140 627 2217 άμερθείς.
679 2151 732 2200 2.4
750 2145 853 2200 Ρειοοτ,
871 2146 901 2200 in
917 2144 952 2198 R.
968 2144 1000 2199 P.
1016 2145 1046 2201 Π
1059 2150 1117 2214 151,
1129 2151 1162 2203 24
1180 2148 1267 2206 Κτο11
1284 2157 1391 2210 τοῦτον

135 2229 170 2293 Ἑ.
188 2231 257 2292 ίδόιν
274 2229 329 2292 τὸν
345 2236 499 2303 λειμῶνα
517 2233 667 2289 παντοίων
689 2224 779 2288 αὐτόν
797 2225 870 2288 εἶναι
893 2233 993 2286 κακῶν
1010 2225 1103 2303 πλήρη
1121 2236 1170 2289 καί
1187 2229 1269 2293 εἶπεν
1284 2241 1335 2295 καί
1351 2239 1390 2296 εί·

134 2319 200 2379 παν
217 2313 383 2390 δνδιμωειν
395 2312 501 2374 ‘Erpa
515 2347 544 2356 -
558 2307 783 2382 λιλαιονιαῐ
801 2314 837 2370 α.
849 2314 951 2371 Sum.
964 2315 1115 2386 deprom
1135 2317 1175 2382 [A
1187 2323 1220 2375 οε
1237 2337 1264 2390 p.
1279 2326 1337 2390 τοι,
1349 2326 1390 2389 τε]

197 2411 251 2462 23
269 2405 399 2460 Ρειοστυε
417 2403 447 2459 In
462 2401 533 2458 crat.
551 2400 742 2471 ρ.103Βοὶεε.
764 2401 834 2467 (εἰπε
850 2400 987 2465 lemmate)
1012 2394 1099 2471 ἦμεν
1117 2401 1230 2477 ἰατρική
1247 2408 1302 2464 τοῦ
1318 2411 1391 2464 θεοῦ

133 2495 245 2563 μᾶλλον
264 2485 295 2547 ἐν
313 2497 375 2556 τοῖς
391 2482 450 2547 ὑπὸ
469 2482 588 2561 σελήνην
605 2479 709 2545 ιἔνθα
721 2516 756 2526 -
768 2479 913 2559 devort?
965 2489 980 2540 2
998 2484 1092 2542 Pmm
1110 2486 1145 2544 (le
1162 2504 1242 2560 prov.
1260 2495 1312 2562 [ap.
1324 2491 1390 2548 Eun.

135 2576 166 2631 P.
177 2576 211 2631 E.
228 2574 298 2631 VIII
311 2578 342 2629 14
360 2590 388 2645 p.
401 2578 451 2629 390
462 2572 494 2639 C]
520 2569 574 2631 τόν
597 2568 629 2628 ἐν
650 2580 713 2638 τοῖς
734 2570 879 2637 τοιούτοις
899 2572 1021 2642 χωρίοις
1037 2569 1216 2639 ἐνοικοῦντα,
1230 2568 1339 2633 ίἔνθα
1359 2608 1389 2618 -

136 2652 276 2733 Κηραῦν’
288 2655 515 2719 ἐναλλάττεσθαι
526 2654 579 2724 τάς
590 2651 650 2715 άπό
664 2660 724 2713 τιῦν
735 2651 878 2715 τοιοότων
889 2654 974 2726 τιμάς
985 2649 1153 2729 άναγκαϊον.
1187 2658 1271 2714 Tum
1283 2660 1391 2733 Smyrn.

134 2744 430 2815 p.149,4flffler[ex
446 2743 563 2799 Adrasti
581 2742 705 2807 comm]
728 2745 789 2798 τῶν
806 2734 833 2797 δ’
858 2735 917 2799 ῦπὸ
943 2739 1062 2813 σελήνην
1085 2746 1135 2799 καί
1157 2745 1224 2815 περὶ
1246 2736 1320 2814 ἡμᾶς
1341 2749 1391 2802 καί

133 2830 233 2902 μέχρις
250 2825 332 2901 ήμῶν
349 2832 430 2887 πᾶσα
447 2825 595 2902 μεταβολή
618 2832 668 2885 καί
690 2829 800 2899 κίνησις
820 2830 870 2884 καί
887 2822 1024 2899 καθάπερ
1045 2828 1141 2898 φησίν,
1154 2820 1263 2884 ιἔνθα
1275 2857 1308 2868 -
1321 2831 1391 2900 Κη-

136 2908 229 2989 ραῦν’.
263 2918 312 2972 καί
329 2912 385 2988 γὰρ
397 2913 507 2986 γένεσις
523 2917 572 2971 καί
590 2908 691 2983 φθορά
709 2916 776 2981 περὶ
793 2906 890 2970 πάντα
903 2904 1052 2969 τάνταῦθα
1069 2915 1119 2968 καλ
1136 2908 1249 2984 αὔξησις
1265 2917 1315 2971 καί
1330 2918 1391 2985 μεί-

136 3020 205 3067 ωσις
221 2993 377 3067 άλλοίωσίς
394 3020 426 3057 τε
444 3000 570 3057 παντοία
587 3002 637 3056 καί
654 3000 671 3070 ἢ
688 2995 764 3055 κατά
781 2992 877 3055 τόπον
894 2998 1010 3068 ποικίλη
1022 2991 1109 3069 φορά.
1144 2998 1271 3054 Indidem
1283 2998 1391 3055 cmm.

134 3085 164 3139 In
180 3084 252 3139 Ήοτ.
265 3087 298 3139 19
315 3084 529 3155 p.14³,1'1Wr.
547 3086 655 3139 atvero
670 3083 720 3139 ενδ
739 3082 807 3137 lum
816 3096 902 3150 τιτςνα
919 3080 959 3135 οδ
975 3098 1053 3137 omne
1062 3098 1149 3153 φεκιιτ
1164 3086 1294 3153 motum
1313 3101 1392 3140 ονοιι

134 3168 219 3225 etiam
239 3170 430 3239 mutationum,
452 3186 566 3241 γνοτειιι
587 3172 620 3225 ut
639 3171 681 3224 εεί
698 3168 731 3223 iu
751 3169 837 3222 ναίετε
858 3182 939 3221 vem
956 3160 1027 3221 ‘m
1049 3166 1140 3222 ιιδλολε
1157 3167 1190 3234 (I)
1212 3167 1391 3238 νσδῦαείιαῦ-

134 3270 217 3309 αιτιοι
237 3253 369 3311 ποντίου
389 3254 464 3310 mille
489 3253 533 3321 (ef.
556 3254 611 3311 Βίι.
628 3254 702 3309 Mun.
718 3258 767 3320 49,
783 3255 844 3317 418)
896 3249 1031 3306 Dum-n.
1049 3250 1156 3323 Cydon.
1174 3251 1264 3309 Βοίεε.
1282 3254 1414 3311 Anaua.

135 3340 208 3395 Nov.
225 3355 253 3409 p.
271 3343 330 3395 299.
364 3341 488 3396 imitatur
503 3340 595 3397 Vm.
611 3340 686 3395 Aen.
703 3337 744 3394 VI
760 3340 810 3393 274
819 3352 880 3407 sqq.
950 3341 971 3391 4·
984 3336 1087 3391 Ριιοστ,
1105 3338 1135 3391 iu
1151 3337 1222 3394 Tim.
1244 3355 1272 3409 p.
1290 3344 1341 3395 339
1359 3341 1391 3407 [Β

134 3440 162 3496 p.
176 3428 226 3480 824
239 3424 330 3490 Sola]
347 3416 436 3493 ,οὕτω
460 3425 490 3483 δὲ
506 3428 555 3483 καί
578 3422 609 3481 ἐν
633 3425 781 3482 Ποίιτείαι
798 3420 946 3487 [Χδ21Α]
973 3416 1027 3479 τὸν
1054 3425 1104 3493 τῆς
1129 3418 1229 3495 Λήθης
1254 3426 1392 3495 ποταμόν

135 3504 298 3569 άπεκάλεσε
314 3514 412 3569 πᾶσαν
431 3508 484 3583 τήν
500 3506 705 3584 γενεσιουργόν
722 3504 817 3578 φῦσιν,
834 3504 866 3563 ἐν
883 3496 912 3579 ήι
928 3509 978 3563 καί
995 3502 1013 3577 ή
1029 3501 1114 3579 Λήθη
1130 3510 1179 3564 καί
1198 3502 1215 3565 ό
1233 3511 1284 3579 τῆς
1297 3504 1392 3581 Ἀτης

134 3589 280 3665 λειμόν,
298 3588 339 3664 ὥς
355 3615 440 3670 φησιν
458 3590 494 3654 ’p
532 3596 594 3651 Iun.
610 3611 651 3650 or.
668 3599 683 3649 ’ί
701 3610 729 3663 p.
746 3592 829 3648 226ss
851 3589 1001 3664 ἐπιβλδπει
1026 3588 1094 3658 τοὺς
1115 3588 1221 3658 ἄλλους
1238 3587 1391 3665 ιἌτης-

135 3672 380 3754 ήλάσκοντας’.
415 3681 555 3737 Τιτττετιετ,
568 3696 608 3735 or.
619 3678 690 3734 XIII
704 3680 751 3732 118
773 3677 843 3748 μηδὲ
859 3670 1042 3745 Ἐμπεδοκλεῖ
1066 3680 1282 3750 συγχωροῦντες
1299 3671 1393 3750 άληθῆ

135 3766 228 3838 λέγειν
245 3770 437 3840 δυσφημοῦντι
453 3762 507 3824 τὸν
523 3763 651 3835 ἐπίγειον
675 3758 769 3819 τόπον
791 3765 840 3819 καί
855 3758 934 3833 Ἀτης
956 3765 1082 3829 λειμῶνα
1105 3759 1327 3833 ἐπονομάζοντα
1347 3762 1400 3829 (ef.

135 3850 191 3905 XX
201 3866 230 3921 p.
242 3855 302 3918 240)
337 3852 439 3909 Sym.
451 3851 530 3921 epist.
545 3853 592 3903 151
610 3864 638 3917 p.
650 3851 700 3902 130
711 3848 733 3903 G
746 3845 867 3902 Hercher
879 3841 947 3913 τοὺς
958 3839 1134 3919 ἀνθρώπους
1144 3842 1220 3919 ἡμᾶς
1231 3842 1347 3920 ζ’.ι1της
1357 3878 1392 3889 -

134 3929 375 4007 ήλάσκοντας’
392 3940 441 3994 καί
458 3945 522 4003 ταῖς
537 3935 672 4007 χθονίαις
690 3929 961 4006 ἐγκαλινδουμένους
978 3934 1131 4004 φροντίσιν
1149 3937 1210 3989 κτλ.

777 4088 784 4101 .
830 4040 980 4123 ἀτερπέα
1001 4046 1121 4123 χῶρον,

287 4149 375 4211 ἔνθα
400 4148 512 4223 Φδνος
533 4165 570 4207 τε
593 4145 705 4218 Κδτος
726 4162 763 4205 τε
785 4141 842 4204 καί
864 4138 976 4203 ἄλλων
999 4142 1103 4204 δθνεα
1127 4144 1250 4227 Κηρίῦν

240 4265 254 4317 1
273 4260 308 4319 cI.
326 4261 408 4318 Hom.
425 4265 486 4319 194
504 4258 607 4333 ἤλυθες
626 4254 704 4330 ὄφρα
722 4252 775 4327 ἴδηι
792 4254 896 4320 νέκυας
917 4256 966 4310 καί
984 4245 1112 4324 άτερπὲα
1127 4258 1241 4326 χωρον;
1259 4255 1293 4312 εἰ.
1311 4255 1391 4311 Dem.

135 4351 178 4414 25,
191 4351 222 4402 52
239 4340 310 4417 μεθ’
329 4336 371 4406 τόν
388 4344 413 4405 δ’
429 4345 457 4405 σί
468 4339 618 4420 ζωγράφοι
637 4340 705 4409 τούς
716 4333 832 4415 άσεβεῖς
848 4338 881 4396 ἐν
890 4328 987 4395 Ἅιδου
997 4335 1168 4411 γράφουσιν,
1184 4337 1259 4408 μετά
1270 4342 1391 4404 τούτων,

134 4426 202 4501 μετ’
217 4426 302 4504 ”Aeac
312 4438 361 4491 καί
373 4436 557 4505 Βλασφημίας
568 4435 617 4489 καί
631 4421 752 4487 Φθόνου
763 4428 812 4482 καί
826 4420 966 4490 Στάσεως
981 4426 1031 4480 καί
1043 4426 1183 4493 Νείκους.,
1201 4442 1282 4482 orcus
1292 4426 1392 4497 Empo-

136 4518 209 4576 (Ιοολί
227 4526 271 4576 est
287 4524 360 4576 ten-a
440 4524 455 4575 2
473 4512 567 4593 φόνος
584 4537 616 4575 τε
633 4514 722 4578 κότος
740 4531 772 4569 τε
790 4510 865 4566 Ηὶοτ.
879 4507 985 4565 Chala:
1004 4504 1119 4580 φθόνος
1137 4529 1168 4568 τε
1184 4507 1275 4581 κότος
1291 4530 1323 4569 τε
1341 4510 1392 4583 Sy·
