3500 5075
360 308 400 368 14
829 341 831 347 ·
869 312 893 363 1.
908 307 1060 365 Tflffls

360 476 499 553 Μιλήσιος
516 468 679 551 φιλόσοφος
695 474 728 535 ἐν
748 476 868 535 Τενὲίωο
885 470 1041 537 άπέθανεν.
1070 476 1177 550 Sibylla
1186 478 1341 551 Ετγίίιτιεα
1356 478 1386 534 in
1396 479 1520 538 &sebio
1534 482 1619 539 iuxta

357 566 483 623 Mam
501 564 542 622 01.
554 568 580 631 9,
592 568 608 619 θ
621 562 775 619 eunocum.
802 561 839 618 (1ο
854 562 937 619 huius
948 562 1071 634 οροοίιεο
1080 570 1180 620 natm
1190 563 1225 620 εί.
1236 562 1363 635 Phlegon
1373 580 1458 635 ουρετ
1467 582 1496 637 ρ.
1507 571 1618 623 11112.

356 650 500 708 Tenedum
516 654 631 721 proptor
649 646 832 727 Cleostratam
849 651 887 714 (v.
898 664 926 717 p.
940 652 982 715 18)
999 648 1111 705 scholae
1129 649 1330 706 astronomiae
1352 651 1431 719 qumi
1448 648 1617 709 mochum

358 737 452 793 flotam
469 750 531 792 οεεο
547 734 621 791 vidit
636 732 829 790 Wilamowitz.

461 912 485 962 9.
503 906 602 961 Pmo
618 902 731 961 Τίιοοοί.
750 905 842 960 174A.
861 894 964 979 ῶσπερ
979 907 1028 961 καί
1039 907 1133 975 θαλής
1145 899 1385 979 α’στρονομοῶντα
1401 908 1450 964 καί
1465 904 1530 965 άνω
1544 908 1617 981 βλὲ»

359 1013 463 1058 ποντα,
480 987 610 1050 πεσόντα
627 992 668 1057 εἰς
683 989 787 1065 φρέαρ,
801 986 930 1059 θράιττά
946 1010 989 1057 τος
1004 988 1126 1063 ἐμμελής
1142 994 1192 1047 καί
1201 992 1344 1065 χαρίεσσα
1355 995 1527 1063 θεραπαινίς
1536 987 1617 1051 όπο·

358 1082 476 1150 σκῶψαι
493 1076 615 1149 λέγεται,
632 1069 673 1141 οἷς
689 1069 726 1133 τό
743 1073 798 1145 μὲν
814 1073 847 1133 ἐν
864 1067 992 1149 οόρανῶι
1007 1081 1192 1147 προθυμοῖτο
1210 1075 1322 1146 εἰίέναι,
1345 1070 1381 1135 τόι
1398 1069 1428 1134 δ’
1443 1072 1618 1151 ἔμπροσθεν
1684 1084 1688 1088 ’

359 1156 448 1221 αότοῦ
464 1164 512 1219 καί
529 1154 610 1231 παρὰ
627 1156 719 1227 πόδας
736 1160 877 1220 λανθάνοι
894 1153 993 1219 αότόν.

461 1336 502 1387 10.
519 1330 655 1387 Αιοτῐυα.
672 1330 732 1387 Pol.
750 1330 781 1387 A
799 1334 831 1386 11
852 1334 948 1386 12⁶9ss
972 1328 1068 1389 πάντα
1091 1328 1148 1404 γόιρ
1165 1323 1295 1404 ῶφέλιμα
1312 1324 1397 1390 ταῦτ’
1412 1328 1475 1391 ἐστί
1491 1342 1554 1403 τοῖς
1569 1353 1614 1392 το·

357 1422 433 1487 μῶσο
449 1415 502 1492 τήν
517 1411 749 1491 χρηματιστικήν,
772 1410 837 1474 οίσν
857 1420 906 1474 καί
928 1412 964 1474 τό
984 1411 1085 1476 θάλεω
1107 1419 1161 1474 τοῦ
1178 1418 1330 1490 Μιλησίου.
1365 1421 1453 1476 τοῦτο
1475 1414 1533 1492 γάρ
1547 1416 1614 1477 ἐστι

357 1499 528 1577 κατανόημά
549 1524 577 1560 το
597 1497 831 1576 χρηματιστικόν,
854 1494 921 1560 όλλ’
937 1498 1051 1560 ἐκείνωο
1073 1502 1127 1572 μὲν
1143 1499 1189 1560 aa&
1206 1500 1259 1576 τήν
1277 1503 1386 1572 σοφίαν
1399 1500 1612 1577 προσάπτουσα

358 1584 491 1661 τυγχάνει
509 1589 540 1648 δὲ
555 1586 689 1647 καθόλου
705 1608 734 1645 τι
751 1582 796 1645 όν.
833 1581 1033 1656 ὀνειδιζόντων
1050 1586 1108 1660 γάρ
1126 1579 1216 1646 αότῶο
1233 1582 1278 1645 διὰ
1296 1584 1349 1659 τήν
1359 1590 1463 1646 πενίαν
1479 1582 1520 1654 ῶς
1536 1580 1613 1647 άνω·

357 1677 463 1745 φελοῦς
479 1677 529 1746 τῆς
546 1676 722 1747 φιλοσοφίας
740 1666 834 1743 οὔσης,
850 1667 1074 1742 κατανοήσαντά
1097 1693 1186 1745 φασιν
1202 1666 1293 1731 αότόν
1307 1670 1413 1731 ἐλαιῶν
1430 1669 1528 1749 φορόν
1543 1670 1613 1732 ἐσο·

357 1758 444 1831 μένην
459 1755 493 1815 ἐκ
510 1762 560 1831 τῆς
577 1750 779 1832 α’στρολογίας,
797 1751 839 1814 ἔτι
853 1762 997 1829 χειμῶνος
1014 1754 1101 1825 ὄντος
1118 1750 1320 1833 εόπορήσαντα
1330 1754 1487 1834 χρημάτων
1505 1753 1614 1831 όλίγων

357 1836 533 1917 α’ρραβῶνας
549 1846 693 1901 άιαόοῦναο
711 1845 770 1899 τῶν
786 1838 992 1914 ἐλαοουργείων
1009 1847 1068 1899 τῶν
1085 1833 1115 1899 τ’
1132 1841 1164 1900 ἐν
1181 1839 1311 1915 Μιλήτοιο
1331 1846 1381 1899 καί
1398 1844 1475 1901 Χίωο
1491 1839 1614 1901 πάντων

359 1922 458 2001 όλίγου
474 1924 700 1997 μισθωσόμενον
726 1917 775 1985 οἵτ’
802 1920 922 1994 οόίενός
945 1924 1162 2000 ἐπιβάλλοντος.
1197 1923 1293 2001 ἐπειδὴ
1319 1920 1347 1984 δ’
1375 1921 1391 1986 ό
1419 1926 1523 2002 καιρός
1548 1916 1613 1996 ἧκε,

357 2016 475 2070 πολλῶν
491 2013 672 2085 ζητουμένων
683 2006 743 2082 όμα
757 2014 805 2069 καί
816 2009 951 2084 ἐξαίφνης
961 2008 1155 2082 ἐκμισθοῦντα
1175 2006 1211 2070 όν
1222 2008 1335 2082 τρόπον
1346 2006 1497 2087 ήβοόλετο,
1513 2012 1611 2072 πολλοὶ

355 2093 490 2169 χρήματα
508 2098 680 2165 συλλέξαντα
697 2094 840 2165 ἐπιδεῖξαι,
864 2086 911 2154 ότι
928 2090 1044 2169 ράιίοόν
1065 2094 1127 2155 ἐστο
1143 2102 1279 2155 πλουτεῖν
1295 2107 1358 2164 τοῖς
1374 2096 1556 2171 φιλοσόφοις,
1572 2094 1613 2157 όν

357 2180 530 2256 βοόλωνται,
548 2174 614 2240 ἄλλ’
632 2174 667 2240 οό
683 2174 766 2239 τοῦτ’
784 2177 845 2239 ἐστι
862 2184 929 2255 περί
947 2174 965 2239 ό
982 2181 1200 2251 σπουδάζουσιν.

462 2358 502 2408 11.
520 2352 609 2408 Ρουα.
622 2352 677 2409 Sol.
690 2356 705 2407 2
723 2356 772 2409 καί
785 2354 882 2423 θαλήν
896 2351 926 2409 δέ
937 2371 1026 2424 φασιν
1035 2348 1176 2425 ἐμπορίαι
1185 2350 1351 2425 χρήσασθαι
1362 2357 1412 2411 καί
1418 2344 1613 2426 Ἱπποκράτην

358 2435 412 2497 τόν
427 2434 640 2511 μαθηματικόν,
662 2440 711 2494 καί
732 2432 865 2495 Πλάτωνι
883 2440 933 2508 τῆς
950 2428 1113 2509 άποόημίας
1129 2428 1249 2509 ἐφόδιον
1265 2436 1365 2495 ἐλαίου
1381 2438 1461 2504 τινός
1476 2434 1510 2495 ἐν
1529 2430 1615 2511 Αἰγό-

357 2544 432 2582 πτωι
448 2519 578 2582 διάθεσιν
595 2522 739 2596 γενέσθαι.
767 2522 803 2579 de
819 2522 856 2578 Ιε.
873 2528 903 2577 et
914 2521 983 2579 Osir.
995 2525 1029 2578 ³4
1047 2517 1159 2580 οἴονται
1177 2522 1208 2581 δὲ
1223 2514 1400 2597 καίὍμηρον
1417 2513 1517 2595 ῶσπερ
1536 2527 1616 2596 om}

357 2603 494 2681 μαθόντα
512 2603 585 2680 παρ’
599 2608 763 2682 Αἰγυπτίων
780 2599 857 2678 όίωρ
873 2602 967 2680 όρχήν
983 2601 1123 2666 ἁπάντων
1139 2613 1188 2666 καί
1204 2609 1317 2681 γένεσιν
1327 2610 1472 2667 τίθεσθαι.
1499 2609 1616 2665 Ioum.

358 2711 380 2752 ο.
398 2696 456 2767 Ap.
472 2695 513 2751 12
532 2689 605 2753 άλλόο
623 2690 679 2766 μήν
695 2696 744 2751 καί
761 2687 830 2760 τοὺς
847 2694 915 2766 περί
931 2695 991 2750 τῶν
1003 2685 1149 2765 σι’-ρανίων
1165 2713 1198 2750 τε
1214 2697 1264 2750 καί
1280 2695 1372 2752 θείων
1389 2689 1524 2767 πρῶτους
1540 2687 1616 2765 παρ’

351 2771 466 2854 Ἕλλησι
489 2774 745 2852 φιλοσοφήσαντας
768 2771 833 2835 οῖον
851 2772 1013 2850 Φερεκόόην
1038 2798 1070 2836 τε
1094 2778 1149 2836 τόν
1166 2776 1276 2849 Σόροον
1296 2781 1345 2836 καί
1363 2769 1544 2851 Πυθαγόραν
1564 2781 1618 2834 καί

361 2862 476 2940 Θάλητα
493 2862 601 2931 πάντες
622 2859 783 2934 συμφιόνως
806 2857 1001 2934 ὁμολογοῦσιν
1022 2861 1187 2934 Αἰγυπτίων
1203 2867 1253 2921 καί
1269 2865 1427 2921 Χαλδαίων
1442 2863 1618 2935 γενομένους

359 2945 491 3022 μαθητάς
510 2943 595 3021 όλίγα
613 2945 779 3021 συγγράψαι
795 2950 845 3004 καί
856 2950 947 3003 ταῦτα
964 2937 1164 3020 τοῖςἽίλλησον
1182 2943 1254 3006 εἰναι
1271 2953 1352 3006 δοκεῖ
1361 2945 1480 3007 πάντων
1495 2941 1617 3020 όρχαοό·

359 3055 434 3093 τατα
451 3039 500 3092 καί
516 3031 601 3104 μόλις
616 3025 687 3091 αότόο
697 3027 880 3090 πιστεόουσον
891 3026 942 3090 ὑπ’
953 3030 1074 3090 ἐκείνων
1085 3029 1257 3108 γεγράφθαι.
1284 3033 1400 3089 Aia-ms
1411 3033 1448 3088 de
1457 3033 1527 3104 plne.
1537 3032 1553 3087 I
1564 3037 1590 3099 θ,
1600 3035 1616 3086 1

361 3118 444 3185 [Dox.
455 3121 516 3184 2¹16]
529 3114 730 3189 φιλοσοφήσας
740 3115 772 3174 ἐν
785 3114 931 3188 Αἰγόπτωο
943 3108 1032 3187 ήλθεν
1042 3117 1084 3184 εἰς
1096 3118 1226 3190 Μίλητον
1236 3115 1440 3192 πρεσβύτερος.
1466 3117 1570 3172 111111..
1580 3116 1617 3174 V.

359 3202 523 3275 Pythzg.12
542 3202 747 3277 προετρέψατο
768 3201 885 3270 [Ῑίοοίττ]
904 3201 957 3260 τόν
968 3199 1147 3274 Πυθαγόραν
1164 3203 1205 3269 εἰς
1222 3201 1369 3276 Αἴγυπτον
1385 3207 1550 3261 διαπλεῦσαι
1566 3206 1618 3258 καί

361 3295 424 3353 τοῖς
440 3285 472 3345 ἐν
490 3287 618 3358 Μέμφιδι
633 3289 683 3344 καί
700 3283 856 3345 Διοσπόλει
872 3283 999 3355 μάλιστα
1016 3293 1173 3360 συμβαλεῖν
1189 3287 1308 3363 ίερεῶσι·
1326 3286 1406 3363 παρὰ
1424 3282 1482 3363 γάρ
1498 3285 1620 3345 ἐκείνων

361 3377 410 3430 καί
421 3369 526 3431 ἑαυτὸν
537 3368 716 3442 ἐφωίοάσθαι
728 3375 826 3437 ταῦτα,
840 3366 874 3429 δι’
886 3364 907 3430 ό
918 3372 1012 3444 σοφός
1028 3370 1109 3446 παρὰ
1125 3383 1187 3440 τοῖς
1197 3378 1317 3441 πολλοῖς
1328 3374 1487 3443 νομίζεται.
1512 3372 1619 3427 Ριτοατ..

360 3461 391 3513 in
407 3457 485 3515 Euol.
497 3461 566 3523 65,θ
586 3459 630 3521 [ex
646 3455 782 3522 Eudemo]
806 3447 905 3528 ῶσπερ
929 3448 981 3515 οόν
998 3453 1078 3529 παρὰ
1097 3469 1160 3526 τοῖς
1177 3462 1304 3526 Φοίνιξιν
1325 3455 1370 3516 ίιό
1388 3459 1441 3525 τάς
1457 3458 1620 3532 ἐμπορείας

361 3547 410 3601 καί
427 3539 463 3602 τό
481 3536 703 3612 συναλλάγματα
720 3536 773 3614 τήν
783 3534 876 3614 άρχήν
892 3537 995 3614 ἔλαβεν
1011 3537 1028 3613 ή
1046 3548 1106 3600 τῶν
1122 3537 1256 3615 άροθμῶν
1269 3537 1392 3618 όκροβής
1408 3547 1522 3616 γνῶσις,
1539 3533 1619 3600 οότω

362 3625 394 3701 όή
412 3631 461 3686 καί
478 3621 551 3700 παρ’
564 3623 732 3698 Αἰγυπτίοις
748 3620 942 3699 ήγεωμετρία
960 3626 1005 3684 άιόο
1022 3624 1077 3700 τήν
1094 3628 1243 3701 εἰρημένην
1260 3629 1358 3687 αἰτίαν
1369 3619 1493 3703 εόρηται
1524 3631 1620 3697 Θαλῆς

363 3713 394 3772 δέ
410 3716 529 3785 πρῶτον
546 3712 587 3779 εἰς
598 3708 745 3784 Αἴγυπτον
762 3709 859 3770 ἐλθῶν
870 3711 1032 3784 μετήγαγεν
1049 3713 1090 3779 εἰς
1106 3711 1160 3784 τήν
1167 3705 1287 3771 Ἑλλάδα
1304 3709 1357 3785 τήν
1368 3715 1498 3785 θεωρίαν
1513 3709 1620 3782 ταύτην

363 3800 412 3855 καί
429 3797 522 3856 πολλά
539 3798 594 3868 μὲν
611 3790 700 3864 αότός
716 3788 807 3871 εὗρεν,
825 3800 943 3855 πολλῶν
959 3797 990 3854 θί
1005 3793 1059 3865 τὰς
1075 3790 1169 3870 άρχόος
1186 3807 1248 3865 τοῖς
1262 3792 1331 3868 μετ’
1348 3792 1440 3857 αότόν
1450 3792 1619 3872 όφηγήσατο

364 3891 426 3949 τοῖς
441 3884 495 3954 μὲν
511 3875 750 3957 καθολικώτερον
765 3879 939 3957 ἐπιβάλλων,
956 3891 1019 3949 τοῖς
1035 3883 1066 3940 δὲ
1083 3879 1338 3956 αἰσθητικῶτερον.

517 4069 694 4126 Domuum.

470 4173 509 4224 11.
525 4170 662 4228 Anum.
679 4169 832 4242 Metaphys.
849 4169 881 4225 A
899 4174 925 4226 θ.
941 4170 1040 4226 θθθΜθ
1057 4165 1093 4229 τό
1109 4172 1210 4242 μέντοι
1228 4176 1340 4243 πλῆθος
1354 4175 1404 4229 καί
1421 4165 1458 4229 τό
1475 4166 1552 4236 εἰδος
1567 4173 1622 4242 τῆς

365 4250 498 4328 τοοαότης
513 4247 605 4330 όργής
627 4249 663 4315 οό
679 4249 714 4314 τό
733 4249 805 4314 αότό
824 4251 932 4322 πάντες
948 4255 1088 4328 λέγουσιν,
1110 4249 1183 4315 ἄλλα
1204 4260 1298 4329 Θαλῆς
1313 4257 1368 4327 μὲν
1384 4252 1402 4314 ό
1420 4259 1471 4328 τῆς
1487 4251 1622 4327 τοιαότης

366 4334 492 4412 άρχηγός
509 4345 683 4414 φιλοσοφίας
698 4332 775 4414 όίωρ
788 4336 864 4400 εἰναί
874 4359 961 4414 φησιν
977 4344 1037 4408 (διο
1054 4344 1104 4398 καί
1120 4335 1173 4414 τήν
1188 4345 1243 4414 γῆν
1257 4332 1308 4415 ἐφ’
1323 4331 1429 4409 όίοτος
1439 4332 1621 4411 όπεφαίνετο

366 4419 466 4496 εἶναι),
492 4425 592 4500 λοβῶν
617 4421 687 4493 ἰοως
703 4424 764 4498 ’τήν
779 4421 926 4500 όπόληφιν
946 4427 1052 4498 ταύτην
1072 4423 1107 4484 ἐκ
1129 4430 1182 4484 τοῦ
1204 4423 1323 4486 πόντων
1345 4421 1421 4502 όράν
1438 4425 1489 4500 τήν
1507 4420 1624 4499 τροφήν
