3500 5075
316 350 375 410 102
793 354 817 402 5.
835 347 1080 406 EMPEDOCLFS

309 515 480 592 προσάγειν·
499 515 569 590 ήχου
587 521 616 578 δὲ
631 513 750 586 ἐνόντος
767 515 798 577 ίν
816 512 887 576 ω’σίν
904 515 922 590 ή
938 521 1032 590 χυλῶν
1049 516 1081 574 ἐν
1092 512 1187 590 γεύσει
1203 522 1252 575 καί
1271 510 1360 589 όσμής
1376 515 1408 574 ίν
1428 511 1567 590 ὀσφρήσει

308 602 477 680 κωφότεραι
494 609 585 664 πᾶσαι
602 606 734 678 γίνονται
750 603 834 676 (καί)
850 609 962 676 μᾶλλον
981 597 1053 662 όσωι
1070 600 1108 663 ἀν
1120 597 1236 676 πλήρεις
1253 593 1306 661 ω’σι
1323 606 1384 660 τῶν
1403 597 1523 673 ὁμοίων,
1540 605 1568 662 εἰ

310 687 348 765 μή
366 712 408 761 τις
425 691 542 763 λεχθείη
559 693 625 760 περὶ
643 683 755 747 τούτων
774 684 930 760 διορισμός.

412 772 501 836 ἔτιδὲ
524 773 559 832 τό
582 778 649 846 περί
670 773 721 847 τήν
744 768 905 848 ἀπορροήν,
921 778 1030 844 καίπερ
1053 766 1106 846 σύχ
1128 771 1236 841 ἱκανῶς
1253 769 1412 848 λεγόμενον
1430 778 1496 845 περὶ
1512 774 1566 845 μὲν
1585 774 1618 825 ²⁰

274 863 289 912 5
310 861 363 930 τὰς
380 860 468 929 ἄλλοις
486 855 565 931 ὅμως
583 856 643 917 ἔστι
661 880 723 927 πως
739 854 907 935 ύτιολαβεῖν,
925 863 992 930 περὶ
1009 861 1039 917 δὲ
1056 857 1107 931 τήν
1124 853 1200 931 ἁφήν
1216 863 1266 917 καί
1282 864 1379 932 γεῦσιν
1397 852 1432 918 ού
1448 854 1568 933 ὁάιδισν.

310 952 374 1016 πῶς
389 947 446 1020 γάρ
464 951 508 1020 τήι
524 939 668 1018 ἀπορροῆι
685 948 828 1017 κρίνωμεν
845 942 862 1017 ή
880 949 944 1012 πῶς
959 939 1141 1015 ἐναρμόττον
1158 953 1221 1011 τοῖς
1237 939 1342 1015 πόροις
1358 942 1394 1003 τό
1412 943 1502 1017 τραχύ
1518 948 1568 1002 καί

311 1031 347 1091 τό
365 1038 444 1090 λεῖον
450 1050 461 1096 ,·
484 1027 578 1101 μόνου
594 1028 651 1104 γάρ
674 1036 755 1090 δοκεῖ
770 1035 830 1089 τῶν
848 1031 1002 1102 στοιχείων
1023 1033 1077 1086 τοῦ
1094 1026 1187 1099 πυρός
1208 1022 1359 1101 ἀπορρεῖν,
1376 1023 1437 1088 ἀπό
1460 1031 1491 1089 δὲ
1508 1035 1567 1088 τῶν

312 1115 407 1178 ἀλλων
423 1111 547 1184 ούδενός.
579 1112 619 1174 ἔτι
637 1110 666 1173 δ’
684 1116 712 1174 εἰ
726 1111 744 1188 ή
760 1118 858 1188 φθίσις
876 1113 920 1174 διά
939 1113 989 1187 τήν
1002 1108 1161 1186 ἀπορροήν,
1179 1105 1270 1186 (όιπερ
1281 1110 1568 1187 χρήταικοινοτάτωι

313 1203 440 1275 σημείωι,
462 1205 613 1276 συμβαίνει
630 1203 660 1260 δὲ
677 1204 726 1259 καί
743 1199 795 1267 τὰς
813 1193 907 1270 όσμάς
928 1194 1074 1273 ἀπορροήι
1090 1200 1230 1272 γίνεσθαι,
1251 1197 1289 1258 τά
1310 1203 1445 1274 πλείστην
1462 1197 1567 1272 ἔχοντα

262 1289 290 1341 10
313 1282 404 1360 ὀσμήν
422 1279 538 1359 τάχιστ’
555 1285 642 1360 ἐχρῆν
654 1287 839 1359 φθείρεσθαι
874 1291 926 1344 νῦν
943 1288 974 1344 δὲ
991 1283 1095 1358 σχεδόν
1106 1277 1244 1353 ἐναντίως
1262 1281 1329 1359 ἔχει·
1349 1284 1385 1344 τά
1396 1283 1452 1359 γάρ
1471 1277 1568 1355 όσμω-

311 1374 434 1432 δίστατα
452 1377 511 1431 τῶν
523 1377 620 1445 φυτῶν
636 1376 687 1430 καί
700 1375 759 1430 τῶν
770 1367 865 1430 ἀλλων
883 1369 945 1429 ἐστὶ
954 1364 1145 1444 χρονιῶτατα.
1174 1373 1325 1441 συμβαίνει
1342 1373 1372 1430 δὲ
1387 1375 1438 1429 καί
1453 1369 1501 1430 ἐπὶ
1518 1375 1568 1441 τῆς

314 1461 415 1526 Φιλίας
427 1452 502 1525 όλως
512 1454 550 1530 μή
561 1453 635 1515 εἶναι
646 1455 778 1530 αἴσθησιν
790 1451 807 1528 ή
818 1447 906 1528 ήττον
918 1455 963 1515 διά
972 1453 1008 1514 τό
1021 1458 1224 1530 συγκρίνεσθαι
1233 1450 1302 1515 τότε
1312 1460 1362 1514 καί
1372 1454 1410 1532 μή
1420 1449 1568 1528 ἀπορρεῖν.

414 1553 488 1618 ἀλλά
508 1562 574 1630 περὶ
596 1559 649 1628 μὲν
671 1556 722 1629 τήν
744 1551 833 1631 ἀκοήν
855 1553 927 1616 ὅταν
948 1553 1060 1618 ἀποδῶι
1081 1565 1144 1623 τοῖς
1167 1552 1278 1615 ἔσωθεν
1299 1560 1433 1631 γίνεσθαι
1450 1553 1568 1631 ψόφοις,
1586 1556 1618 1607 21

312 1643 426 1705 ἀτοπον
443 1642 479 1702 τό
498 1641 613 1704 οἰεσθαι
629 1646 714 1715 δῆλον
732 1638 805 1702 εἶναι
822 1649 885 1710 πῶς
896 1638 1060 1708 ἀκούουσιν,
1078 1639 1160 1701 ἔνδον
1171 1637 1332 1714 ποιήσαντα
1350 1642 1451 1716 ψόφον
1469 1637 1568 1714 ῶσπερ

262 1730 290 1780 15
310 1725 454 1796 κώδωνος.
488 1733 548 1786 τῶν
564 1727 619 1800 μὲν
635 1729 691 1801 γάρ
715 1725 768 1796 ἔξω
790 1723 828 1786 δι’
844 1727 958 1787 ἐκεῖνον
979 1723 1133 1799 ἀκούομεν,
1154 1725 1268 1787 ἐκείνου
1284 1728 1315 1788 δὲ
1336 1733 1507 1800 ψοφοῦντος
1523 1728 1567 1788 διά

313 1817 358 1881 τί,Ι
381 1819 468 1873 τοῦτο
492 1812 548 1888 γάρ
567 1806 638 1871 αύτό
664 1815 792 1872 λείπεται
814 1817 917 1886 ζητεῖν.
951 1807 1068 1883 ἀτόπως
1091 1816 1121 1873 δὲ
1141 1817 1191 1872 καί
1212 1810 1248 1871 τό
1271 1817 1338 1883 περὶ
1354 1811 1405 1885 τήν
1428 1811 1569 1886 ὄσφρησιν

312 1897 432 1974 εἴρηκεν.
467 1903 586 1971 πρῶτον
603 1899 657 1968 μὲν
673 1897 729 1971 γάρ
748 1891 783 1956 ού
793 1897 892 1970 κοινήν
910 1899 1005 1958 αἰτίαν
1016 1893 1176 1960 ἀπέδωκεν·
1195 1895 1257 1958 ἔνια
1273 1899 1326 1968 μὲν
1342 1896 1399 1972 γάρ
1413 1893 1488 1967 όλοις
1504 1892 1568 1957 ούδ’

313 1978 450 2044 ἀναπνέει
466 1987 525 2041 τῶν
539 1975 785 2055 όσφραινομένων.
814 1979 912 2043 ἔπειτα
930 1982 965 2043 τό
982 1980 1106 2055 μάλιστα
1126 1978 1337 2056 ὀσφραίνεσθαι
1353 1982 1422 2051 τούς
1432 1990 1568 2042 πλεῖστον

314 2068 531 2138 ἰπισπωμένους
543 2063 655 2140 εύηθες·
675 2062 759 2126 οὐδὲν
776 2066 832 2143 γάρ
846 2067 954 2140 ὄφελος
969 2067 1008 2142 μή
1019 2064 1199 2143 ὑγιαινούσης
1216 2065 1234 2142 ἢ
1250 2066 1289 2143 μή
1300 2061 1491 2143 ἀνεωιγμίνης
1509 2090 1571 2136 πως

262 2156 292 2206 20
313 2158 362 2225 τῆς
373 2147 543 2225 αἰσθήσεως.
573 2159 692 2221 πολλοῖς
704 2155 733 2212 δὲ
750 2157 902 2229 συμβαίνει
912 2159 1103 2229 πεπηρῶσθαι
1120 2160 1170 2214 καί
1182 2149 1257 2221 ὅλως
1272 2156 1358 2229 μηδὲν
1370 2150 1570 2214 αἰσθάνεσθαι.

314 2236 390 2311 πρός
407 2237 437 2296 δὲ
454 2232 568 2305 τούτοις
586 2237 614 2296 σί
632 2235 770 2298 δύσπνοοι
786 2244 835 2298 καὶ
853 2241 882 2298 ολ
899 2244 1061 2306 πονοῦντες
1082 2243 1132 2296 καί
1151 2238 1180 2298 ολ
1196 2231 1388 2307 καθεύδοντες
1403 2244 1516 2310 μᾶλλον
1533 2236 1570 2298 άν

315 2318 503 2382 αἰσθάνοιντο
520 2327 580 2380 τῶν
599 2316 711 2394 όσμῶν·
734 2321 786 2382 τόν
803 2330 941 2383 πλεῖστον
958 2322 1015 2400 γάρ
1032 2320 1165 2382 ἕλκουσιν
1187 2318 1269 2397 ἀέρα.
1303 2329 1355 2382 νῦν
1371 2324 1401 2382 δὲ
1420 2325 1570 2397 συμβαίνει

314 2401 494 2466 τούναντίον.
563 2401 598 2468 ού
620 2407 677 2482 γάρ
701 2406 771 2476 ἴσως
793 2403 866 2468 καθ’
884 2405 956 2469 αύτό
980 2407 1015 2467 τό
1039 2402 1178 2468 ἀναπνεῖν
1201 2409 1296 2468 αἴτιον
1318 2413 1369 2482 τῆς
1390 2401 1571 2482 ὀσφρήσεως,
1589 2407 1621 2459 ²²

314 2484 386 2551 ἀλλά
403 2490 479 2551 κατά
497 2487 687 2568 συμβεβηκός,
710 2489 750 2563 ιύς
768 2489 799 2553 ἔκ
817 2515 848 2554 τε
872 2499 932 2555 τῶν
950 2491 1047 2554 ἀλλων
1064 2488 1158 2566 ζιύιων
1180 2504 1368 2568 μαρτυρεῖται
1384 2498 1433 2553 καί
1450 2492 1496 2555 διά
1512 2497 1572 2552 τῶν

263 2580 293 2631 25
313 2577 470 2651 εἰρημένων
488 2584 606 2636 παθῶν·
626 2574 642 2637 ό
660 2572 688 2637 δ’
706 2574 746 2647 ῶς
763 2575 867 2655 ταύτης
890 2578 976 2654 ούσης
993 2574 1042 2653 τής
1061 2582 1156 2647 αἰτίας
1171 2584 1221 2637 καί
1238 2581 1285 2640 ἐπὶ
1302 2580 1377 2639 τέλει
1394 2570 1480 2639 πάλιν
1497 2577 1571 2651 εἰρη-

314 2684 365 2723 κεν
382 2656 481 2733 ῶσπερ
503 2658 762 2739 ἰπισημαινόμενος
779 2656 842 2724 ιιύδ
848 2687 862 2724 ε
874 2696 909 2707 -
921 2660 939 2723 ό
945 2657 1052 2736 σμῶν’
1070 2664 1112 2730 [fr.
1127 2669 1194 2730 1021.
1231 2657 1284 2724 ούκ
1301 2658 1407 2738 ἀληθὲς
1422 2664 1488 2735 (δὲ)
1505 2657 1571 2722 ούδὲ

314 2747 350 2807 τὸ
366 2743 489 2819 μάλιστα
505 2740 718 2820 ὀσφραίνεσθαι
735 2754 794 2807 τῶν
804 2746 933 2821 κούφων,
951 2744 1024 2809 ἀλλά
1040 2753 1086 2807 δεῖ
1098 2754 1147 2806 καί
1161 2743 1253 2823 όσμήν
1264 2746 1442 2823 ἐνυπάρχειν.
1478 2748 1495 2807 ό
1514 2747 1571 2823 γάρ

315 2830 370 2907 ἀήρ
388 2838 436 2891 καί
454 2830 488 2893 τό
507 2838 563 2904 πῦρ
581 2829 752 2907 κουφότατα
769 2834 831 2905 μέν,
850 2828 885 2893 ού
902 2840 1019 2893 ποιοῦσι
1036 2824 1066 2891 δε
1083 2831 1217 2908 αἴσθησιν
1236 2827 1332 2906 όσμής.

418 2930 556 3002 ὡσαύτως
573 2928 601 2992 δ’
618 2932 655 2993 ἀν
673 2956 715 3003 τις
726 2940 775 2993 καὶ
793 2940 859 3006 περί
876 2934 928 3009 τήν
940 2931 1081 3008 φρόνησιν
1093 2929 1276 3016 ἀπορήσειεν,
1291 2937 1320 2994 εἰ
1328 2935 1386 3009 γάρ
1398 2940 1457 2994 τῶν
1475 2929 1571 2994 αύτῶν
1589 2936 1622 2987 28

264 3038 294 3088 30
315 3030 394 3081 ποιεῖ
409 3026 458 3078 καὶ
476 3018 527 3094 τήν
545 3017 685 3092 αἴσθησιν.
720 3024 769 3077 καλ
786 3018 843 3092 γάρ
861 3014 979 3079 ἅπαντα
995 3022 1109 3091 μεθέξει
1132 3026 1185 3079 τοῦ
1202 3030 1330 3092 φρονεῖν.
1365 3024 1415 3079 καί
1432 3011 1492 3091 άμα
1510 3024 1572 3087 πῶς

315 3104 459 3177 ἐνδέχεται
474 3109 522 3163 καί
539 3102 572 3163 ἰν
593 3098 744 3164 ἀλλοιώσει
761 3110 809 3163 καί
826 3100 886 3163 ύπό
903 3112 957 3166 τοῦ
978 3101 1086 3177 όμοίου
1101 3109 1236 3180 γίνεσθαι
1253 3103 1288 3163 τό
1309 3116 1445 3179 φρονεῖν,·
1461 3104 1497 3163 τό
1515 3104 1572 3179 γάρ

318 3184 421 3261 ὅμοιον
439 3184 491 3248 ούκ
503 3184 668 3249 ἀλλοιοῦται
685 3194 737 3247 τῶι
750 3185 865 3260 όμοίωι.
885 3188 935 3249 ’τό
953 3192 984 3249 δὲ
1001 3190 1034 3263 δή
1050 3195 1103 3249 τῶι
1115 3187 1213 3261 αἵματι
1225 3200 1346 3262 φρονεῖν
1363 3195 1412 3249 καί
1423 3193 1573 3257 παντελῶς

316 3273 441 3335 ἀτοπον·
460 3272 552 3334 πολλά
564 3274 622 3348 γάρ
639 3279 699 3331 τῶν
715 3271 810 3345 ζιύιων
823 3272 940 3346 ἀναιμα.
957 3280 1017 3334 τῶν
1034 3277 1064 3335 δὲ
1075 3274 1204 3346 ἐναίμων
1220 3273 1256 3333 τά
1275 3280 1341 3346 περί
1359 3275 1411 3343 τάς
1423 3270 1571 3347 αἰσθήσεις

316 3354 497 3431 άναιμότατα
509 3362 568 3416 τῶν
576 3362 683 3429 μερῶν.
706 3354 748 3417 ἔτι
759 3362 807 3417 καί
818 3352 924 3418 ὀστοῦν
935 3364 985 3419 καί
993 3364 1061 3430 θρίξ
1071 3353 1237 3419 αἰσθάνοιτ’
1246 3356 1292 3427 άν,
1303 3358 1365 3419 ἐπεί
1378 3350 1430 3419 σάν
1441 3357 1473 3428 ἐξ
1483 3354 1572 3419 άπάν·

261 3460 295 3521 ¹35
316 3466 374 3503 των
385 3442 446 3504 ἐστὶ
457 3448 516 3501 τῶν
526 3445 685 3515 στοιχείων.
712 3448 760 3501 καί
773 3447 923 3518 συμβαίνει
936 3439 1043 3504 ταύτόν
1052 3440 1126 3503 εἰναι
1137 3441 1173 3501 τό
1186 3452 1308 3517 φρονεῖν
1318 3453 1368 3505 καὶ
1380 3438 1572 3503 αἰσθάνεσθαι

315 3532 365 3586 καί
377 3521 494 3601 ήδεσθαι
505 3532 553 3586 καί
568 3525 638 3599 (τό)
649 3534 800 3587 λυπεῖσθαι
811 3534 859 3586 καί
872 3527 927 3595 [τό]
942 3523 1070 3603 ἀγνοεῖν·
1083 3525 1170 3602 ἄμφω
1182 3528 1239 3602 γάρ
1251 3538 1333 3588 ποιεῖ
1339 3539 1401 3597 τοῖς
1412 3523 1571 3597 ἀνομοίοις.

317 3607 394 3671 ὥσθ’
411 3606 471 3683 άμα
489 3616 541 3671 τῶι
558 3614 612 3684 μὲν
629 3606 748 3685 ἀγνοεῖν
766 3610 821 3672 ἔδει
838 3616 973 3687 γίνεσθαι
990 3609 1088 3688 λύπην,
1106 3617 1159 3672 τῶι
1176 3614 1207 3672 δὲ
1219 3624 1340 3688 φρονεῖν
1356 3604 1467 3693 ήδονήν.

419 3710 532 3773 ἄτοπον
549 3716 579 3773 δὲ
595 3720 644 3773 καί
662 3712 697 3773 τό
716 3712 768 3782 τάς
785 3714 916 3785 δυνάμεις
933 3712 1065 3782 ἑκάστοις
1076 3714 1243 3789 ἐγγίνεσθαι
1259 3714 1305 3775 διά
1322 3713 1374 3788 τήν
1390 3712 1422 3775 ἐν
1438 3724 1500 3781 τοῖς
1517 3735 1570 3784 μο-
1589 3716 1622 3767 24

317 3800 392 3870 ρίοις
409 3804 463 3858 τοῦ
480 3796 602 3871 αίματος
619 3795 783 3873 σύγκρασιν,
801 3795 841 3867 ῶς
858 3797 874 3873 ή
892 3799 944 3873 τήν
964 3805 1096 3874 γλῶτταν
1114 3802 1211 3860 αἰτίαν
1231 3791 1333 3861 τοῦεύ
1354 3798 1446 3873 λέγειν
1459 3789 1571 3871 (ούσαν

265 3902 296 3953 40
315 3880 354 3959 ή)
368 3881 420 3952 τάς
429 3893 529 3956 χεῖρας
540 3890 593 3944 τοῦ
605 3890 792 3959 δημιουργεῖν,
810 3880 875 3946 ἀλλ’
895 3879 948 3945 ούκ
961 3879 1089 3959 όργάνου
1105 3882 1184 3954 τάξιν
1197 3880 1310 3959 ἔχοντα.
1339 3883 1383 3943 διό
1401 3888 1571 3955 καὶμᾶλλον

318 3966 355 4028 ἀν
372 3990 414 4036 τις
432 3962 554 4043 ἀποδοίη
571 3974 616 4043 τήι
632 3975 742 4043 μορφῆι
759 3969 810 4043 τήν
829 3970 925 4029 αἰτίαν
942 3965 960 4043 ή
977 3976 1021 4043 τῆι
1037 3966 1140 4042 κράσει
1157 3974 1209 4030 τοῦ
1227 3966 1358 4041 αἵματος,
1374 3964 1392 4043 ή
1408 3974 1497 4043 χωρίς
1514 3976 1572 4029 δια-

318 4056 401 4121 νοίας
416 4052 507 4113 ἐστίν·
526 4048 618 4122 ούτως
634 4053 691 4128 γάρ
709 4051 767 4129 ἔχει
784 4059 833 4115 καί
850 4055 974 4115 ἐπὶτῶν
992 4052 1087 4115 ἀλλων
1098 4052 1199 4127 ζῶιων.
1233 4047 1270 4116 'E-
1287 4056 1341 4127 μὲν
1359 4046 1411 4114 σύν
1428 4052 1522 4114 ἔοικεν
1540 4054 1572 4115 ἐν

317 4145 437 4207 πολλοῖς
453 4137 662 4212 διαμαρτάνειν.

405 4298 408 4304 .
421 4246 462 4299 87.
471 4245 567 4301 Δεεεε.
577 4243 611 4299 de
620 4258 682 4313 gen.
692 4250 721 4299 et
730 4242 863 4301 corr.A8.
873 4242 972 4301 awzss
983 4250 1044 4309 τοῖς
1052 4241 1105 4312 μὲν
1115 4232 1166 4301 σύν
1175 4247 1256 4302 δοκεῖ
1263 4239 1386 4316 πάσχειν
1394 4238 1518 4301 ἕκαστον
1526 4234 1573 4300 διά

266 4342 297 4393 45
318 4345 404 4384 τινων
421 4324 524 4399 πόρων
536 4323 678 4395 εἰσιόντος
695 4332 749 4385 τοῦ
761 4332 916 4395 ποιοῦντος
929 4323 1055 4399 ἐσχάτου
1070 4331 1120 4383 καί
1131 4324 1320 4398 κυριωτάτου,
1336 4331 1385 4385 καί
1397 4330 1502 4385 τοῦτον
1520 4324 1573 4385 τόν

318 4410 497 4482 τρόπονκαὶ
516 4408 590 4484 όρᾶν
607 4418 656 4471 καὶ
674 4406 791 4472 ἀκούειν
808 4408 881 4486 ήμᾶς
892 4432 963 4485 φασι
981 4415 1029 4471 καί
1047 4410 1099 4478 τάς
1115 4407 1205 4480 ἀλλος
1222 4412 1370 4486 αἰσθήσεις
1381 4408 1573 4470 αἰσθάνεσθαι

320 4495 425 4564 πάσας,
444 4492 484 4555 &c
502 4498 532 4555 δὲ
545 4494 674 4569 δρᾶσθαι
692 4494 737 4555 διά
755 4516 786 4554 τε
805 4492 893 4568 ἀέρος
909 4501 960 4555 καί
972 4491 1075 4565 ύδατος
1091 4501 1140 4556 καί
1157 4501 1217 4555 τῶν
1228 4501 1386 4569 διαφανῶν,
1402 4492 1447 4555 διά
1464 4492 1501 4555 τό
1518 4494 1574 4554 πό·
