3500 5075
365 329 405 387 12

451 554 476 603 2.
494 548 608 605 snm

453 669 567 757 Θαλῆς
585 661 746 747 Ἐξαμύου
769 666 826 727 καί
841 662 1091 751 Κλεοβουλίνης
1107 661 1292 760 Μιλήσια-ς,
1315 667 1363 741 ὡς
1385 662 1422 729 δέ
1440 657 1623 746 Ἡρόδοτος

367 770 396 859 [1
412 774 485 850 170]
501 766 633 848 Φοῖνιξ,
657 768 800 853 γεγονώς
823 770 891 853 πρό
914 769 1065 852 Κροίσου
1089 769 1150 830 ἐπί
1168 774 1229 854 τῆς
1252 766 1287 830 λε
1311 764 1524 849 ὀλυμπιάδος
1547 764 1623 851 [640

363 914 406 923 -
422 870 508 958 637],
530 874 616 935 κατὰ
640 868 677 934 δέ
703 868 874 953 Φλέγοντα
899 867 947 948 [ci
961 867 1042 932 Μιιε
1056 868 1271 948 Rh31,18²]
1293 865 1536 955 γνωριζόμενος
1557 869 1622 958 ήδη

364 979 425 1042 ἐπί
447 986 506 1064 τῆς
520 958 547 1054 ξ
563 968 767 1058 [vbi-749}
806 976 936 1059 ἔγραψε
957 974 1039 1058 περί
1052 974 1232 1057 μετεώρων
1253 974 1289 1033 ἐν
1310 973 1421 1051 ἐπεσι,
1444 976 1527 1059 περί
1549 976 1624 1059 ίση-

363 1082 485 1166 μερίας
505 1078 563 1140 καί
579 1075 664 1140 ἄλλα
682 1073 809 1139 πολλά.
844 1072 1038 1160 ἐτελεύτησε
1060 1069 1098 1138 δέ
1111 1075 1253 1161 γηραιός
1267 1074 1444 1154 θεώμενος
1465 1079 1624 1159 γυμνικόν

365 1182 489 1263 ἀγῶνα,
505 1177 670 1265 πιληθεὶς
693 1174 729 1239 δέ
751 1178 821 1239 ύπό
836 1184 899 1238 τοῦ
920 1174 1018 1254 όχλσυ
1040 1178 1098 1239 καί
1114 1174 1270 1253 ἐκλυθείς
1291 1179 1361 1240 ύπδ
1376 1186 1440 1241 τού
1451 1181 1624 1258 καύματος

367 1283 418 1360 [ex
438 1280 612 1363 Hesychio].

451 1392 588 1470 πρῶτος
611 1379 648 1445 δέ
670 1384 710 1444 τό
732 1388 796 1444 τού
817 1388 930 1466 σοφοῦ
950 1381 1045 1459 ἔσχεν
1068 1382 1175 1459 όνσμα
1197 1382 1256 1443 καί
1269 1387 1407 1466 πρῶτος
1429 1382 1490 1467 τήν
1511 1383 1624 1466 ψυχήν

365 1486 462 1551 εἶπεν
483 1487 670 1562 ἀθάνατον,
688 1480 860 1567 ἐκλείψεις
881 1502 918 1545 τε
939 1483 995 1545 καί
1017 1484 1196 1568 ἰσημερίας
1213 1481 1425 1570 κατείληφεν.
1460 1484 1624 1569 ἀποφθέ-

364 1610 476 1673 γματα
501 1585 537 1652 δέ
560 1589 668 1650 αύτσύ
687 1583 832 1649 πλεῖστα
855 1585 913 1646 καί
935 1586 973 1647 τό
996 1582 1229 1670 θρυλούμενον
1248 1578 1378 1668 ιγνῶθι
1401 1576 1545 1651 σαυτόν’
1584 1587 1624 1648 τό

363 1693 428 1777 γὰρ
448 1683 567 1775 “ἐγγύα
590 1691 685 1776 πάρα
710 1678 742 1750 δ’
766 1678 844 1748 ἅττ’
869 1683 1028 1761 Χίλωνός
1057 1688 1132 1748 ἐστι
1159 1685 1287 1765 μᾶλλον
1319 1684 1624 1773 ίδιοποιησαμένου

365 1794 447 1856 αύτδ
470 1793 527 1855 καί
549 1794 589 1854 τό
608 1782 730 1874 μηδὲν
753 1780 850 1871 ἄγαγ’
876 1788 926 1865 [ex
938 1786 1058 1849 laertio
1080 1786 1447 1866 ef.(kdren.1275,141

453 1891 568 1979 Θαλῆς
591 1894 611 1954 ό
634 1894 777 1977 φυσικός
800 1888 997 1976 φιλόσοφος
1019 1893 1079 1953 ἐπί
1101 1892 1250 1976 Δαρείου
1276 1890 1319 1966 (ί)
1350 1893 1531 1977 προειπών
1563 1893 1625 1977 τήν

366 2003 429 2059 τοῦ
447 1993 544 2082 ήλίου
567 1990 730 2075 ἔκλειψιν.

452 2182 477 2232 3.
496 2176 599 2233 Senon.
617 2175 760 2229 Ριεσσισε
778 2190 810 2229 m
827 2174 923 2228 Rm.
941 2177 1027 2228 θύοι.

454 2298 568 2386 Θαλῆς
586 2290 746 2378 Ἐξαμύου
769 2296 955 2383 Μιλήσιος,
980 2294 1103 2374 Φοῖνιξ
1125 2294 1162 2360 δέ
1184 2289 1266 2360 καθ’
1287 2291 1479 2385 Ἡρόδοτον.
1524 2266 1625 2375 ούτος

366 2410 503 2491 πρῶτος
527 2401 715 2484 ὠνομάσθη
740 2403 859 2485 σοφός.
905 2398 980 2485 εύρε
1008 2400 1071 2485 γὰρ
1094 2400 1154 2463 τόν
1174 2397 1271 2484 ήλιον
1288 2398 1461 2468 ,ἐκλείπειν
1484 2398 1522 2478 ἐξ
1541 2403 1624 2464 ὑπο·

366 2502 493 2592 δρομῆς
517 2501 666 2590 σελήνης,
687 2504 744 2565 καί
772 2504 896 2588 μικρὰν
928 2504 1051 2588 ἄρκτον
1078 2504 1180 2579 αύτός
1212 2505 1296 2586 ἐγνω
1323 2504 1381 2566 καί
1406 2505 1469 2580 τὰς
1490 2506 1625 2590 τροπὰς

365 2616 503 2696 πρῶτος
521 2598 683 2693 Ἑλλήνων
704 2608 763 2669 καί
785 2606 866 2690 περί
892 2605 1061 2688 μεγέθους
1082 2601 1180 2689 ήλίου
1201 2608 1259 2668 καί
1282 2608 1428 2692 φύσεως,
1458 2605 1544 2670 ἀλλὰ
1567 2609 1625 2669 καί

365 2714 482 2796 ἄψυχα
504 2714 615 2798 ψυχήν
637 2711 725 2788 ἐχειν
748 2709 908 2770 ὁπωσοῦν
930 2709 966 2770 ἐκ
987 2715 1048 2793 τῆς
1068 2703 1273 2792 μαγνήτιδος
1294 2709 1352 2770 καί
1374 2715 1436 2771 τού
1452 2706 1625 2795 ήλέκτρου.

366 2815 469 2900 ἀρχήν
492 2810 529 2876 δέ
545 2822 614 2877 τῶν
638 2812 813 2891 στοιχείων
835 2812 874 2872 τό
890 2805 992 2895 ὕδωρ.
1025 2810 1085 2871 τδυ
1107 2806 1144 2872 δέ
1166 2813 1292 2888 κόσμον
1307 2811 1460 2893 ἔμψυχον
1477 2813 1544 2898 ἐφη
1567 2812 1626 2874 καί

367 2913 537 2995 δαιμόνων
552 2913 675 3000 πλήρη.
708 2909 902 2997 ἐπαιδεύθη
924 2913 960 2973 ἐν
974 2910 1244 2993 Αίγύπτωιύπό
1259 2918 1327 2974 τῶν
1342 2914 1469 2997 ίερίων.
1503 2915 1625 2977 τούτου

365 3020 405 3080 τό
420 3019 532 3100 γνῶθι
548 3019 680 3078 σαυτόν.
725 3011 920 3098 ἐτελεύτησε
943 3008 979 3076 δέ
1000 3014 1150 3098 μονήρης
1170 3016 1310 3098 γηραιός
1331 3018 1488 3097 γυμνικόν
1511 3017 1624 3097 ἀγῶνα

366 3119 544 3197 θεώμενος
564 3118 634 3179 ύπό
656 3119 828 3196 καύματος
850 3113 1007 3190 ἐκλυθείς
1028 3115 1077 3191 [ex
1091 3113 1265 3195 Hesychi01.

471 3443 496 3492 4.
515 3435 661 3491 Hmono'r.
678 3434 755 3490 1170
771 3433 880 3508 χρηστή
900 3434 931 3493 ii
946 3437 996 3491 καί
1012 3437 1081 3504 πρὶν
1097 3429 1321 3506 ἡόιαφθαρῆναι
1338 3426 1444 3508 Ἰωνίην
1457 3431 1559 3495 θάλεον
1577 3429 1626 3495 οἷν·

368 3517 438 3597 δρὸς
456 3523 599 3594 Μιλησίου
616 3519 732 3592 ἐγένετο
752 3525 798 3585 [ει.
815 3513 832 3592 ἡ
850 3515 973 3593 γνιύμηΙ,
990 3513 1025 3576 τύ
1045 3510 1190 3576 ύνίκαθεν
1206 3518 1291 3592 γένος
1307 3517 1411 3587 ἐόντος
1429 3523 1577 3589 Φοίνικος,
1595 3515 1628 3587 ic

367 3607 480 3667 ἐκέλευε
497 3603 529 3664 ἓν
540 3605 746 3678 βουλευτήριον
760 3601 858 3672 Ἴωνας
869 3603 1018 3675 ἐκτῆσθαι,
1036 3601 1071 3660 τύ
1091 3603 1121 3661 δέ
1132 3599 1206 3661 είναι
1222 3601 1254 3660 ἐν
1269 3605 1340 3662 Pion
1357 3605 1450 3672 (Τέων
1461 3601 1519 3679 γὰρ
1535 3607 1628 3676 μέσον

368 3689 443 3752 είνιιι
458 3688 584 3764 Ἰωνίης),
602 3685 655 3757 τὰς
672 3692 703 3749 δέ
720 3686 810 3756 ἄλλας
827 3687 932 3756 πόλιας
950 3689 1120 3758 οἰκεομένας
1135 3689 1221 3761 μηδὲν
1237 3679 1330 3759 ἡσσον
1345 3691 1520 3760 νομίζεσθαι
1536 3688 1626 3750 κατύ-

369 3798 425 3853 περ
442 3786 469 3838 εί
485 3782 569 3852 δῆμοι
581 3770 648 3834 εἶεν.
677 3775 711 3830 εί.
727 3775 742 3830 Ι
761 3780 810 3830 146
828 3775 863 3836 de
875 3773 1002 3830 Cadmeis
1013 3774 1109 3830 Ioniae
1126 3783 1155 3830 et
1170 3774 1304 3844 imprimis
1314 3774 1401 3830 Mileti
1413 3775 1628 3833 conditionIbua

473 3933 497 3984 5.
514 3929 591 3985 Imm
608 3929 623 3984 I
641 3935 673 3984 74
691 3928 802 3996 (bellum
821 3929 893 3984 inter
908 3927 1045 4000 Alyatten
1061 3933 1091 3983 et
1107 3926 1260 3999 Cymen)
1277 3929 1445 4001 διαφέρουσι
1461 3929 1492 3985 δέ
1508 3948 1559 3999 σφι
1577 3923 1628 3986 ἐπ’

370 4009 431 4086 λίιης
449 4009 502 4071 τὸν
519 4011 650 4082 πόλεμον
667 4019 720 4071 τῶι
737 4009 822 4072 λ’κτιυι
841 4010 900 4071 ἔτει
916 4016 1062 4086 συμβολῆς
1077 4013 1233 4085 γενομένης
1247 4011 1393 4086 συνήνεικε
1411 4003 1487 4072 ολστε
1505 4017 1556 4086 τῆς
1571 4009 1628 4084 μύ-

368 4119 421 4172 λης
437 4094 633 4170 συνεστεώσης
658 4099 709 4170 τὴν
732 4098 840 4171 ἡμέρην
865 4095 1001 4167 ἐξαπίνης
1024 4093 1114 4154 νύκτα
1139 4097 1283 4169 γενέσθαι.
1319 4096 1371 4169 τὴν
1394 4099 1425 4157 δέ
1445 4098 1630 4172 μεταλλαγήν

371 4179 476 4254 ταύτην
493 4186 542 4254 τῆς
558 4178 665 4254 ἡμέρης
683 4188 778 4256 θαλῆς
798 4180 814 4240 ὃ
834 4186 875 4241 Μι
878 4179 976 4255 λὴσιας
991 4191 1066 4240 τοῖσι
1081 4177 1156 4238 Ἴωσι
1175 4174 1374 4285 προηγόρευσε
1390 4179 1520 4250 ἔσεσθαι,
1537 4173 1631 4258 σύρον

371 4267 554 4340 προθέμενος
571 4262 704 4325 ἐνιαυτὸν
722 4288 826 4326 τουτον
844 4267 877 4324 ἐν
894 4264 995 4338 ταιόη
1007 4269 1057 4323 καί
1067 4263 1219 4340 ἐγένετοη
1236 4265 1393 4341 μεταβολή.
1421 4267 1630 4324 emsmm

370 4353 481 4495 Ιέόύρ.
495 4351 587 4407 ³54?
624 4353 767 4423 θαλῆνόέ
785 4349 917 4424 Ευδημος
938 4351 970 4410 ἐν
987 4360 1050 4417 ταῖς
1064 4347 1297 4467 Ἂστρολογαιαῖς
1318 4351 1506 4427 ἱστορίαις
1474 4374 1528 4424 την
1544 4373 1629 4426 γενο·

370 4438 459 4510 μόνην
476 4432 602 4511 ἔκλειψιν
625 4441 678 4495 τοῦ
699 4433 783 4508 ἡλίου
805 4446 957 4510 προειπεῖν
978 4455 1055 4508 φησι,
1077 4423 1151 4494 καθ
1169 4432 1219 4504 viic
1238 4436 1365 4509 χρόνους
1385 4441 1518 4510 συνῆψαν
1533 4434 1631 4510 μα’χην
