3500 5075
312 278 354 340 88
795 283 819 332 5.
836 275 1082 333 EMPEDOGLES

415 453 457 504 27.
481 447 585 504 018888
597 445 845 512 edQu.fr.119‚3
864 446 988 503 Lucretii
1007 450 1137 517 poemata
1152 449 1186 501 et
1201 444 1297 501 881818
1313 446 1355 501 iia
1372 451 1451 503 eunt:
1472 448 1569 504 multis

313 533 464 590 ῑιιιιιίιιλόιιε
485 533 599 604 inperii,
623 532 725 588 ιιιιιέῖσο
747 532 830 588 eiiam
852 532 937 599 artie;
957 532 1007 588 σεδ
1027 537 1098 600 (eum
1113 529 1234 596 υαιιιὶσ)
1255 531 1346 588 vinem
1364 536 1389 588 te
1400 532 1520 603 ρυῖαδο,
1541 532 1568 588 σι’

313 618 443 676 88118811
458 618 641 690 Empedoclea
659 616 765 688 ῑορειόε,
781 615 916 672 hominm
934 631 991 671 σου
1002 613 1116 686 putabo.

415 838 593 894 Domum.

816 902 864 959 De
881 903 1071 974 principiis.

415 1013 457 1064 18.
475 1009 573 1066 Sum.
591 1005 770 1080 ρ11γ818,11
794 1010 821 1073 (e
840 1003 1042 1075 Theophrasto)
1063 1012 1128 1075 poet
1144 1007 1202 1060 Ah
1227 997 1314 1075 οὗτος
1330 1007 1361 1066 δὲ
1382 1004 1418 1067 τόι
1439 1009 1494 1079 μέν
1512 1029 1568 1068 σοι·

312 1094 420 1166 ματικό
444 1102 573 1166 στοιχεῖα
596 1101 676 1150 ποιεῖ
696 1091 828 1164 τέτταρα,
855 1094 913 1192 πῦρ
934 1094 983 1147 καὶ
1006 1084 1081 1163 α’έρα
1097 1093 1147 1147 καὶ
1169 1081 1245 1164 υδοιρ
1262 1095 1312 1150 καὶ
1333 1097 1396 1166 γῆν,
1421 1087 1498 1153 όὶδια
1516 1095 1570 1164 μὲν

313 1175 387 1238 όντα
405 1175 509 1248 πλήθει
525 1180 575 1236 καὶ
588 1168 743 1250 ὀλιγότητι,
759 1170 981 1250 μεταβάλλοντα
999 1176 1030 1234 δὲ
1040 1171 1115 1233 κατὰ
1133 1171 1187 1249 την
1198 1167 1346 1250 σόγκρισιν
1361 1183 1411 1238 καὶ
1422 1175 1568 1252 διάκρισιν,

53 1241 170 1359 popius
245 1285 262 1315 ι
313 1261 366 1332 τὰς
383 1265 413 1324 δὲ
431 1256 647 1361 wphpce’pxdc5
663 1262 704 1335 όφ
708 1252 909 1322 ’ὧνκινεῖται
926 1264 1027 1326 ταῦτα,
1045 1262 1150 1318 Φιλίαν
1165 1265 1214 1318 καὶ
1226 1266 1341 1330 Νεῖκος
1376 1267 1420 1322 δεῖ
1435 1261 1493 1363 γὰρ
1510 1269 1568 1322 δια·

284 1355 299 1405 8
313 1357 405 1411 τελεῖν
422 1348 546 1454 ἐναλλὰξ
561 1339 717 1417 κινούμενα
737 1342 771 1405 τόι
785 1355 925 1418 στοιχεῖα,
942 1345 1016 1403 ποτὲ
1031 1343 1117 1415 μὲν”
1102 1341 1159 1403 υπὸ
1180 1351 1229 1419 τῆς
1242 1344 1343 1415 Φιλιός
1354 1346 1571 1452 συγκρινόμενα,
1591 1328 1633 1421 Γ·ι

312 1437 386 1496 ποτὲ
405 1431 465 1496 δὲ
452 1432 509 1494 υπὸ
533 1437 586 1493 τοῦ
608 1435 732 1499 Νείκους
754 1427 972 1504 διακρινόμενα·
996 1419 1072 1487 όστε
1093 1433 1143 1487 καῖ
1165 1427 1197 1498 ἓξ
1218 1427 1291 1490 εἶναι
1312 1427 1382 1490 κατ’
1404 1430 1496 1494 αὐτόν
1517 1430 1572 1502 τόις

313 1516 414 1597 όρχός.
449 1525 499 1578 καὶ
515 1515 573 1594 γόιρ
586 1509 663 1578 όπου
679 1518 733 1588 μέν
750 1512 901 1590 ποιητικὴν
917 1519 1012 1573 δίδωσι
1025 1514 1143 1584 δι’·ναμιν
1160 1520 1211 1574 τῶι
1230 1519 1328 1577 lesem
1344 1523 1394 1576 καὶ
1411 1524 1456 1593 τῆι
1474 1523 1571 1578 Φιλὶαι

314 1629 387 1667 οταν
399 1601 492 1681 λέγηι
501 1603 674 1665 όλλοτε-
687 1596 799 1676 έχθει’
819 1601 862 1669 [fr.
878 1606 918 1670 17,
930 1607 955 1656 ’1.
968 1606 993 1667 8]
1006 1619 1063 1658 ποτ
1065 1600 1121 1658 δὲ
1130 1611 1193 1668 τοῖς
1205 1597 1389 1675 τέτταρσιν
1368 1624 1408 1671 αις
1420 1599 1571 1678 ἰσοστοιχα

314 1712 463 1753 σννταττει
480 1695 530 1749 καὶ
547 1711 638 1748 ταυτα
657 1709 731 1747 οταν
748 1680 1202 1760 himiteri-uidem(
1221 1686 1450 1756 [1τ.1”ῖ,1“1-28].

263 1814 292 1864 18
416 1817 458 1868 18.
475 1813 572 1867 Pmo
591 1808 675 1879 Seph.
688 1805 799 1863 14181)
825 1801 923 1876 μῦθόν
948 1825 1012 1863 τινα
1039 1800 1164 1872 ἕκαστος
1186 1807 1323 1878 φαίνεταί
1345 1829 1396 1878 μοι
1413 1814 1571 1883 διηγεῖσθαι

313 1891 450 1954 παισὶν
430 1917 470 1962 αις
488 1915 570 1954 ουσιν
580 1894 657 1966 ημῖν
677 1883 804 1962 όμὲνι
783 1911 823 1957 αις
840 1892 908 1961 τρία
927 1888 963 1949 τό
982 1885 1064 1956 ὄντα,
1081 1895 1203 1960 πολεμεῖ
1219 1892 1250 1950 δὲ
1261 1884 1394 1965 αλληλοις
1409 1889 1557 1953 ένῖοτε’
1522 1917 1571 1953 αυ·

313 1985 373 2038 τοῖν
391 1977 464 2040 όττα
482 2002 541 2053 πηι,
559 1980 629 2038 τοτὲ
646 1979 676 2037 δὲ
694 1980 744 2036 καὶ
761 1978 832 2046 φλλα
850 1971 1007 2047 γιγνόμενα
1028 1993 1140 2047 γαμους
1157 1980 1255 2034 τεκαὶ
1272 1973 1377 2047 τόκους
1393 1983 1443 2037 καὶ
1459 1998 1572 2052 τροφας

313 2069 374 2124 τῶν
390 2062 521 2138 ἐκγόνων
538 2064 697 2138 παρέχεται
717 2061 851 2132 [inprimis
867 2059 1043 2132 Pherecydes
1059 2059 1284 2131 1883188818όο
1308 2065 1339 2123 δὲ
1355 2061 1501 2139 έτεροςί
1472 2063 1571 2134 επιόν,

200 2149 203 2158 “
313 2143 405 2224 υγρόν
422 2154 472 2208 καὶ
489 2145 612 2252 ξηρόν“
593 2172 610 2222 η
629 2148 743 2222 θερμόν
760 2149 809 2204 καὶ
827 2143 951 2218 ψυχρόν,
974 2148 1130 2215 συνοικΙζει
1151 2167 1183 2204 τε
1202 2139 1274 2205 αότὰ
1292 2153 1342 2206 καὶ
1357 2147 1488 2209 ἐκδίδωσι
1506 2153 1572 2218 [Ar-

263 2239 292 2290 18
313 2235 460 2300 8118188811.
490 2231 525 2293 τὸ
544 2235 575 2293 δὲ
591 2226 665 2305 παρ’
676 2228 758 2303 ημιυν
767 2223 932 2289 Ἐλεατικσν
943 2223 1077 2298 ἔθνος
1056 2229 1117 2288 από
1131 2229 1318 2304 Ξενοφάνους
1334 2254 1366 2293 τε
1377 2240 1427 2294 καὶ
1444 2232 1486 2295 ἔτι
1497 2257 1571 2309 προ

314 2328 387 2380 σθεν
405 2313 569 2395 α’ρξόμενον
590 2310 1045 2390 [88018118181ωςὲνόςόντος
1067 2336 1127 2373 των
1149 2312 1269 2377 πάντων
1290 2314 1529 2390 καλουμένου(1
1494 2342 1571 2381 ουτω

313 2407 485 2480 διεξέρχεται
503 2415 566 2472 τοῖς
581 2395 695 2475 μόθοις.
730 2395 814 2469 Ἰόδες
831 2401 862 2459 δὲ
866 2404 929 2504 ακαὶ
947 2403 1068 2459 Σικελοί
1084 2421 1159 2470 τινες
1175 2393 1300 2477 ὕστερον
1317 2409 1458 2465 Μοῦσαι
1477 2407 1572 2475 [Hera-

314 2491 394 2551 elitue
411 2499 440 2549 et
450 2491 641 2563 Empedoelee]
661 2477 883 2562 ξυνευόησαν,“
863 2508 909 2546 οτι
924 2486 1095 2557 συμπλέκειν
1112 2480 1373 2560 όσφαλέστατον’
1353 2487 1505 2566 αμφότερα
1523 2495 1572 2551 καὶ

313 2578 415 2652 λέγειν,
431 2575 477 2645 ιός
494 2556 573 2636 τό”
555 2597 594 2635 σν
612 2572 726 2635 πολλό
744 2596 781 2635 τε
806 2579 866 2633 καὶ
883 2571 920 2633 ἓν
936 2571 1047 2644 ἔστιν,
1064 2569 1191 2648 ἔχθραι
1208 2576 1243 2634 δ
1265 2580 1322 2635 καὶ
1339 2584 1453 2649 φιλίαι
1471 2583 1571 2641 ουνέ-

262 2666 292 2717 he
312 2683 420 2738 γεται.
456 2659 669 2738 διαφερόμενον
685 2660 744 2735 γόρ
762 2654 808 2721 αἐὶ
826 2660 1007 2732 ξυμφέρεται,
1025 2663 1114 2732 φασὶν
1136 2659 1166 2718 αἱ
1183 2658 1396 2735 συντονώτεραι
1413 2668 1473 2722 τῶν
1492 2670 1572 2724 Μου·

315 2769 384 2809 σοιν.
421 2749 455 2809 αὶ
473 2751 507 2808 δὲ
523 2745 778 2821 μαλακώτεραι
796 2744 836 2805 τὸ
853 2747 922 2816 μὲν
939 2740 995 2803 eici
1012 2738 1117 2803 ταῦθ’
1136 2765 1249 2813 ουταις
1266 2742 1360 2819 ἔχειν
1376 2745 1574 2822 έχόλασαν,

315 2832 352 2892 ἐν
368 2828 469 2906 μέρει
487 2833 704 2904 δὲτοτέμ
668 2815 869 2891 ὲέένεῖνα
856 2826 1197 2904 φασιτόπανκαὶ
1214 2826 1396 2901 φίλονυπ
1411 2818 1571 2905 'Apoeal-

318 2940 389 2992 της,
407 2916 493 2978 τότε
510 2920 545 2978 δὲ
561 2914 672 2978 πολλόι
690 2919 748 2975 καὶ
765 2916 944 2986 πολέμιον
961 2909 1048 2975 ου’τό
1067 2909 1176 2975 αυτιόι
1194 2916 1248 2976 δια
1267 2915 1399 2988 Νεῑκός
1416 2942 1457 2979 τι.

419 3044 461 3094 88.
478 3038 677 3095 Panhormi.
695 3036 823 3094 Stromet.
845 3052 890 3105 ep.
910 3034 977 3091 Ευε.
993 3034 1024 3090 Ρ
1036 3034 1069 3090 Ε.
1086 3033 1137 3103 18,
1151 3038 1182 3090 18
1202 3036 1248 3103 [D.
1261 3041 1309 3093 881
1328 3054 1363 3094 ex
1382 3037 1572 3111 Theophrasto

264 3123 295 3174 18
315 3130 348 3179 ut
364 3128 477 3195 81888]
494 3119 530 3181 Ἐ.
551 3117 800 3197 όἌκραγαντῖνος
817 3130 947 3193 στοιχεῖα
959 3120 1096 3193 τέσσαρα
1114 3140 1172 3190 πυρ
1188 3110 1266 3193 υδαιρ
1284 3122 1388 3195 αἰθέρα
1405 3134 1502 3197 γαῖαν.
1529 3126 1573 3182 αἰ·

317 3211 384 3267 τίαν
400 3209 431 3266 δὲ
448 3205 561 3267 τούτων
580 3210 684 3267 Φιλίαν
700 3211 749 3265 καὶ
767 3212 882 3274 Νεῖκος.
917 3204 952 3263 έκ
968 3227 1087 3281 πραιτης
1103 3208 1173 3279 φησὶ
1190 3210 1240 3278 τῆς
1257 3212 1317 3264 τῶν
1318 3212 1495 3310 στοιχεῖονἱ
1501 3208 1572 3282 κρό-

317 3309 391 3357 σεοις
407 3284 608 3362 ἀποκριθέντα
632 3284 687 3348 τόν
708 3282 727 3347 α’
729 3288 781 3358 ἐρα
804 3292 992 3361 περιχυθῆναι
1014 3284 1122 3347 κόκλιυ·
1144 3310 1219 3359 μετα
1243 3292 1273 3349 δὲ
1296 3288 1350 3350 τόν
1367 3292 1446 3367 όέρα.
1462 3291 1497 3351 τό
1515 3298 1573 3363 πῦρ

316 3370 463 3451 έιῖδραμόν
479 3379 528 3434 καὶ
546 3368 601 3434 σόκ
617 3370 686 3447 ἔχον
708 3372 754 3432 ἑτέ
740 3374 810 3446 έραν
826 3365 928 3445 χιόραν
950 3368 1013 3431 όναι
1029 3371 1174 3447 ἐκτρέχειν
1196 3371 1255 3433 υπό
1274 3382 1328 3436 τοῦ
1345 3383 1411 3453 περὶ
1428 3374 1482 3438 τὸν
1499 3375 1572 3454 όέρα

318 3460 421 3534 πόγου.
458 3453 532 3520 εἶναι
550 3462 579 3519 δὲ
596 3461 702 3519 κέκλειι
725 3463 793 3531 περὶ
811 3454 863 3532 τὴν
884 3462 938 3532 γῆν
955 3454 1105 3529 φερόμενα
1130 3457 1180 3518 όόο
1203 3456 1375 3533 ἦμισφαίρια
1399 3484 1434 3521 το
1425 3462 1516 3567 μὲνΙ
1522 3486 1574 3522 κα-

265 3544 295 3595 30
316 3543 411 3604 θόλου
429 3543 528 3621 πυρός,
546 3541 581 3605 τό
599 3546 629 3604 δὲ
640 3540 744 3615 μικτόν
761 3537 844 3613 έξέ
809 3567 827 3603 α
845 3562 899 3617 ρος
915 3547 964 3602 καὶ
983 3537 1084 3618 όλίγου
1095 3543 1196 3618 πυρός,
1215 3540 1290 3622 ὅπερ
1307 3545 1444 3607 οἴεται
1416 3569 1469 3622 την
1485 3548 1573 3610 νύκτα

318 3628 400 3691 εἶναι.
436 3652 488 3705 την
505 3633 535 3691 δ
553 3624 647 3705 ἀρχὴν
663 3634 713 3705 τῆς
733 3630 874 3701 κινήσεως
898 3632 1040 3702 συμβῆναι
1061 3623 1122 3688 όπὸ
1147 3634 1201 3689 τοῦ
1223 3634 1406 3705 τετυχηκέναι
1426 3636 1502 3694 κατα
1520 3635 1574 3693 τόν

318 3710 484 3790 όθροισμδν
500 3716 705 3792 έπιβρῖσαντος
727 3720 779 3774 τοῦ
801 3711 893 3789 πυρός
916 3714 943 3781 [l.
961 3711 1119 3788 έπιβρῖσόν
1141 3735 1214 3775 ποτε
1237 3716 1273 3775 τό
1296 3722 1372 3792 πῦρ].
1408 3712 1474 3778 eei
1494 3714 1574 3791 ἥλιος

317 3796 371 3874 τὴν
387 3794 473 3875 φύσιν
491 3795 544 3861 οόκ
562 3799 621 3860 ἔστι
639 3806 705 3874 πῦρ,
722 3794 795 3860 α’λλό
814 3804 867 3859 τοῦ
885 3794 977 3872 πυρὸς
998 3792 1209 3869 όντανόκλασις
1230 3796 1320 3873 όμοῖα
1336 3808 1381 3874 τηι
1398 3796 1453 3876 ἄρ’
1469 3794 1574 3875 ὕδατος

317 3887 471 3989 γινομένηι.
500 3883 619 3960 σελήνην
636 3887 666 3945 δέ
678 3906 764 3959 φησιν
775 3889 912 3959 συστῆναι
928 3891 988 3943 καθ
992 3878 1118 3959 ’έαυτην
1132 3886 1167 3945 έκ
1183 3908 1235 3947 του
1224 3880 1470 3961 όποληφθέντος
1486 3885 1574 3964 α’έρος

266 3966 329 4019 35‘
317 3968 375 4029 υπὸ
393 3974 447 4028 τοῦ
464 3968 564 4045 πυρός.
598 3974 706 4030 τοῦτον
723 3971 781 4044 γόρ
804 3974 930 4043 παγῆναι
946 3968 1086 4043 καθάπερ
1102 3976 1151 4029 καὶ
1169 3993 1221 4045 την
1237 3969 1376 4044 χάλαζαν.
1411 3974 1447 4032 τό
1464 3977 1495 4035 δὲ
1511 3982 1574 4049 φῶς

320 4050 408 4129 αότην
425 4052 535 4129 ἔχειν’
518 4056 578 4116 απὸ
602 4060 656 4114 τοῦ
679 4049 770 4128 ηλῖου.
804 4049 840 4113 τὸ
860 4048 928 4113 δὲζ
914 4051 1089 4128 ηγεμονικόν
1106 4055 1172 4115 οὔτε
1190 4056 1222 4115 έν
1243 4063 1365 4130 κεφαλῆι
1383 4055 1451 4119 ουτε
1467 4058 1500 4118 έν
1518 4055 1575 4120 θιό-

320 4161 395 4215 ρακι,
413 4134 479 4200 ἄλλ’
497 4137 579 4199 έν”
546 4162 673 4210 αιματι.
693 4136 765 4199 ὅθεν
782 4132 854 4198 καθ’
874 4133 920 4198 ότι
937 4136 975 4197 ιῖν
990 4140 1080 4211 μέρος
1097 4144 1150 4199 τοῦ
1169 4138 1305 4213 στόματος
1322 4136 1457 4203 πλειον
1439 4169 1467 4247 ηι
1485 4168 1573 4221 παρε·

319 4226 488 4298 σπαρμένον
504 4222 581 4289 (τό
568 4224 743 4299 ηγεμονικόν
761 4223 870 4293 οἴεται),
891 4244 947 4282 κατ
951 4218 1074 4281 ’έκεῖνο
1092 4238 1247 4300 προτερεῖν
1264 4229 1333 4296 τούς
1350 4222 1534 4302 όνθρώπους.

422 4350 463 4401 81.
482 4345 600 4400 Hm.
618 4344 679 4401 1181.
696 4343 880 4412 18111888]
910 4336 945 4400 Ἐ
963 4341 994 4401 δὲ
1017 4340 1091 4413 μετὰ
1118 4342 1239 4413 τούτους
1255 4348 1465 4421 [Pythagoreos]
1491 4343 1573 4423 γενό·
1593 4364 1607 4415 1

267 4427 298 4477 ⁴0
318 4449 407 4499 μενος
423 4434 472 4487 καὶ
495 4433 561 4502 περὶ
578 4430 725 4499 δαιμόνιον
747 4425 861 4501 φύσεως
884 4423 946 4485 εἶπε
963 4429 1066 4496 πολλό,
1088 4424 1129 4496 hc
1151 4424 1386 4507 α’ναστρέφονται
1401 4440 1575 4511 διοικοῦντες
