3500 5075
348 312 389 371 90
827 315 851 364 5.
869 309 1111 368 mnnochm

450 485 491 537 36.
508 481 604 537 Λαιττ.
622 479 658 536 de
669 495 732 552 gen.
750 486 779 535 et
796 495 864 537 oorr.
881 480 943 536 Ba.
962 480 1069 537 330b19
1087 477 1158 540 ἔνιοι
1175 475 1203 538 δ’
1221 474 1306 548 εὐθὺς
1322 481 1449 552 τέτταρα
1467 483 1599 555 λέγουσιν

348 559 413 626 οἷον
429 557 466 626 Ἑ.
479 559 594 639 συνάγει
605 567 636 625 δὲ
646 569 696 624 καὶ
707 556 793 632 οὗτος
804 566 845 633 εἰς
856 565 893 624 τοὶ
906 561 968 625 δόο·
986 570 1040 624 τῶι
1050 565 1109 639 γάρ
1120 570 1188 637 πυρί
1199 556 1290 624 τάλλα
1302 564 1399 626 πάντα
1411 559 1599 640 άντιτίθησιν.

449 708 490 758 51.
508 703 585 758 Im
593 701 785 772 1155151144.
797 706 859 758 985·
869 707 901 758 21
914 706 964 761 καί
973 695 1010 761 ’E-
1021 701 1069 761 ἐπί
1081 703 1170 761 πλέον
1180 704 1235 773 μὲν
1243 709 1346 778 χρῆται
1358 700 1465 762 τούτου
1477 703 1600 770 [Anaxa-

346 794 424 860 gora]
442 799 504 856 τοῖς
521 789 632 854 αἰτίοις,
651 779 685 844 οὖ
702 785 759 860 μήν
777 781 846 844 οὔδ’
862 785 968 854 ίκανῶς
985 782 1051 847 οὔτ’
1066 786 1100 846 έν
1117 786 1232 855 τοότοις
1249 784 1374 861 εὑρίσκει
1391 787 1426 848 τὸ
1440 783 1599 860 ὁμολογού-

310 878 325 928 5
346 890 448 945 μενον·
477 877 626 945 πολλαχοῦ
642 876 713 945 γοῦν
730 864 819 930 αάτῶι
841 867 857 944 ή
876 874 930 942 μὲν
949 876 1034 931 Φιλία
1056 876 1193 946 διακρίνει
1210 871 1246 930 τό
1270 875 1300 931 δὲ
1317 878 1425 941 Νεῖκος
1447 875 1598 947 συγκρίνει.

347 953 421 1020 όταν
437 961 491 1031 μὲν
501 959 558 1031 γάρ
576 959 616 1024 εἰς
633 957 669 1016 τά
683 965 810 1028 στοιχεῖα
823 959 961 1031 διίστηται
978 956 1014 1016 τό
1027 962 1086 1018 πᾶν
1102 953 1159 1017 ίιπό
1180 962 1234 1015 τοῦ
1245 961 1369 1026 Νείκους
1385 954 1422 1017 τό
1439 978 1473 1017 τε
1485 963 1542 1031 πῦρ
1558 959 1599 1025 εἰς

347 1045 379 1106 ἑν
391 1048 572 1119 συγκρίνεται
583 1045 633 1100 καὶ
644 1047 704 1100 τῶν
716 1037 812 1100 άλλων
823 1045 978 1115 στοιχείων
988 1038 1127 1101 ἑκαστον·
1141 1035 1215 1100 ὅταν
1225 1043 1256 1101 δὲ
1266 1039 1354 1101 πάλιν
1364 1039 1422 1102 ὑπό
1435 1048 1485 1116 τῆς
1498 1046 1599 1111 Φιλίας

347 1133 482 1190 συνίωσιν
499 1131 540 1196 εἰς
557 1129 592 1186 τό
610 1123 651 1197 ἑν,
668 1120 830 1200 α’ναγκαῖον
851 1125 884 1196 ἰξ
899 1124 1024 1188 ἑκάστου
1045 1126 1082 1188 τά
1099 1124 1190 1200 μόρια
1214 1130 1411 1202 διακρίνεσθαι
1435 1125 1529 1188 πάλιν.
1562 1121 1597 1186 Ἑ.

344 1216 399 1286 μὲν
414 1207 466 1273 σάν
476 1213 556 1287 παρά
574 1211 644 1279 τούς
655 1208 803 1286 πρότερον
814 1217 933 1287 πρῶτος
950 1210 986 1272 τὸ
1004 1212 1058 1285 τήν
1069 1213 1166 1272 αἰτίαν
1177 1217 1279 1272 διελεῖν
1296 1215 1345 1280 [sie
1355 1214 1409 1280 Ab]
1427 1210 1598 1286 εἰσήνεγκεν,

296 1301 324 1350 10
345 1294 380 1358 οὐ
395 1304 467 1370 μίαν
478 1298 602 1370 ποιήσας
618 1298 671 1371 τήν
688 1301 737 1369 τῆς
753 1295 892 1369 κινήσεως
909 1292 1001 1372 άρχήν
1017 1292 1085 1358 αλλ’
1102 1294 1203 1369 ἑτέρας
1219 1319 1252 1356 τε
1269 1301 1318 1357 καί
1329 1297 1473 1366 ἐναντίας.
1507 1294 1550 1356 ἔτι
1567 1300 1597 1358 δὲ

344 1383 380 1446 τά
400 1381 440 1452 ῶς
457 1381 489 1444 έν
504 1376 571 1457 ὅλης
589 1379 654 1442 είδει
670 1379 815 1455 λεγόμενα
828 1387 957 1456 στοιχεῖά
975 1383 1101 1458 τέτταρα
1112 1389 1232 1454 πρῶτος
1249 1378 1337 1442 εἶπεν.
1374 1381 1408 1443 οιί
1424 1380 1482 1456 μήν
1490 1387 1597 1456 χρήταί

344 1491 377 1543 γε
395 1471 555 1544 τέτταρσιν,
578 1461 645 1527 ἄλλ’
662 1462 702 1534 ῶς
724 1470 802 1524 δυσίν
825 1459 889 1527 οὖσι
905 1469 1017 1539 μόνοις,
1040 1471 1107 1542 πυρί
1124 1469 1179 1539 μὲν
1196 1461 1269 1526 καθ’
1292 1463 1375 1538 αίιτό,
1393 1478 1455 1535 τοῖς
1471 1463 1499 1526 δ’
1517 1463 1596 1528 άντι·

343 1557 485 1626 κειμένοις
508 1549 549 1620 ῶς
569 1556 632 1623 μιᾶι
654 1551 746 1624 φύσει,
767 1556 814 1625 γῆι
835 1573 868 1611 τε
889 1556 938 1611 καί
960 1547 1023 1627 άέρι
1045 1558 1093 1612 καί
1115 1547 1206 1612 ίδατι.
1241 1551 1328 1628 λάβοι
1350 1546 1378 1610 δ’
1400 1550 1438 1613 οἷν
1457 1574 1501 1620 τις
1522 1549 1595 1614 αάτό

345 1646 468 1715 θεωρῶν
484 1639 518 1698 ἐκ
536 1643 596 1697 τῶν
611 1635 699 1696 ἐπῶν.

295 1759 323 1809 15
448 1763 489 1814 ³8.
507 1759 584 1814 lom
594 1757 675 1830 phys.
693 1757 715 1812 θ
729 1761 753 1811 1.
765 1761 851 1812 251·λ
870 1753 966 1816 ἔοικεν
981 1751 1018 1816 'E
1037 1753 1075 1817 άν
1093 1759 1185 1817 εἰπεῖν
1202 1751 1244 1824 ῶς
1261 1753 1295 1815 τὸ
1307 1768 1425 1831 κρατεῖν
1442 1763 1491 1816 καὶ
1506 1768 1596 1817 κινεῖν

343 1845 377 1906 ἐν
387 1849 468 1920 μέρει
485 1845 537 1917 τήν
550 1846 652 1902 Φιλίαν
664 1846 713 1901 καί
732 1839 766 1900 τό
780 1846 887 1909 Νεῖκος
897 1837 1019 1916 ὑπάρχει
1031 1852 1094 1911 τοῖς
1105 1840 1272 1918 πράγμασιν
1288 1841 1321 1912 ἐξ
1329 1837 1463 1916 άνάγκης,
1480 1837 1597 1917 ἠρεμεῖν

344 1933 374 1992 δὲ
391 1929 445 1991 τὸν
461 1929 566 2000 μεταξὺ
582 1925 701 2002 χρόνον.

447 2071 487 2124 39.
505 2067 582 2122 Imm
598 2064 718 2134 Metaph.
736 2064 767 2119 A
783 2068 808 2118 4.
827 2064 933 2120 984152
954 2061 1018 2121 ἰπεί
1035 2064 1065 2122 δὲ
1087 2068 1137 2121 καί
1159 2057 1300 2123 τάναντία
1322 2073 1385 2131 τοῖς
1408 2060 1533 2137 άγαθοῖς
1549 2061 1595 2122 ἰν-

345 2151 417 2213 όντα
428 2151 564 2225 ἐφαίνετο
582 2148 614 2208 ἐν
631 2153 675 2222 τῆι
693 2149 851 2220 φύσει,καί
869 2141 904 2206 οὗ
921 2142 1017 2217 μόνον
1027 2145 1105 2216 τάξις
1121 2154 1171 2207 καί
1188 2149 1223 2207 τό
1234 2147 1327 2209 καλὸν
1340 2145 1413 2209 άλλόι
1430 2153 1479 2208 καί
1490 2143 1594 2218 άτοιξία

291 2252 322 2302 20
342 2243 391 2298 καί
408 2235 443 2297 τό
462 2233 594 2309 αἰσχρόν,
610 2239 659 2292 καί
677 2236 768 2292 πλείω
789 2230 826 2292 τά
843 2230 920 2291 κακά
944 2236 1004 2290 τῶν
1020 2227 1144 2305 άγαθῶν
1164 2237 1214 2292 καί
1232 2232 1267 2294 τά
1291 2239 1387 2307 φαῦλα
1412 2239 1472 2292 τῶν
1487 2239 1595 2304 καλῶν,

344 2316 437 2390 οότως
453 2319 540 2387 ἄλλος
557 2340 599 2388 τις
612 2323 715 2379 Φιλίαν
732 2313 877 2389 εἰσήνεγκε
893 2320 942 2374 καί
960 2320 1073 2386 Νεῖκος,
1091 2316 1232 2390 ἑκάτερον
1248 2316 1396 2389 ἑκατέρων
1419 2316 1514 2378 αἰτιον
1530 2316 1596 2377 τοό·

343 2430 411 2467 των.
446 2404 472 2465 εί
489 2405 546 2479 γάρ
564 2426 606 2472 τις
623 2399 802 2475 άκολουθοίη
819 2407 868 2460 καί
885 2399 1030 2473 λαμβάνοι
1049 2400 1125 2478 πρός
1143 2400 1195 2474 τήν
1212 2401 1342 2463 διάνοιαν
1358 2408 1409 2462 καί
1425 2402 1464 2477 μή
1482 2402 1559 2476 πρός
1574 2399 1594 2462 ίί

344 2495 506 2567 ψελλίζεται
525 2491 617 2563 λέγων
632 2483 677 2557 Ἰοῖ,
699 2484 811 2560 εὑρήσει
833 2484 887 2560 τήν
907 2486 962 2558 μὲν
980 2490 1084 2547 Φιλίαν
1106 2488 1203 2549 αἰτίαν
1227 2480 1317 2549 οὖσαν
1334 2493 1394 2549 τῶν
1411 2483 1541 2564 άγαδῶν,
1558 2488 1593 2550 τό

343 2579 373 2637 δὲ
391 2582 497 2644 Νεῖκος
513 2581 574 2634 τῶν
589 2580 700 2633 κακῶν·
728 2564 801 2632 ὥστ’
819 2570 850 2631 εἰ
862 2593 905 2639 τις
922 2574 994 2645 φαίη
1019 2568 1133 2646 τρόπον
1150 2572 1214 2635 τινά
1231 2580 1282 2634 καί
1298 2576 1392 2648 λέγειν
1408 2580 1458 2633 καὶ
1475 2580 1594 2649 πρῶτον

291 2678 321 2729 25
342 2664 434 2736 λέγειν
450 2659 486 2720 τό
498 2657 591 2719 κακόν
607 2664 657 2717 καί
673 2655 709 2717 τό
722 2652 839 2731 άγαδὸν
849 2651 943 2730 άρχὰς
954 2650 1153 2727 Ἐμπεδοκλέα,
1170 2654 1240 2732 τάχ’
1251 2658 1291 2719 ιίν
1301 2660 1380 2733 λέγοι
1391 2665 1496 2728 καλῶς,
1511 2657 1594 2734 εἴπερ

343 2747 377 2806 τό
397 2752 456 2805 τῶν
473 2740 596 2819 άγοιδῶν
607 2739 745 2803 όπάντων
762 2740 856 2801 αἴτιον
868 2735 941 2801 αὐτό
954 2736 1088 2815 τάγαθὸν
1104 2741 1165 2802 έοτι
1184 2748 1242 2811 [καί
1253 2750 1312 2803 τῶν
1322 2749 1423 2803 κακῶν
1433 2742 1469 2805 τὸ
1480 2740 1592 2812 κακόνΙ.

442 2888 485 2939 40.
502 2882 579 2937 Ιυῐσισ
596 2880 632 2937 de
648 2896 711 2951 gen.
730 2886 759 2936 et
774 2895 843 2936 corr.
859 2878 921 2934 Β6.
938 2879 1045 2934 333120
1067 2880 1166 2937 καίτοι
1188 2876 1225 2939 τά
1246 2901 1280 2953 γε
1304 2891 1433 2955 στοιχεῖα
1455 2884 1593 2953 διακρίνει

342 2965 376 3029 οό
393 2968 429 3028 τὸ
448 2972 553 3032 Νεῖκος
570 2957 637 3024 ἄλλ’
654 2959 671 3036 ή
691 2966 785 3032 Φιλία,
807 2959 843 3022 τὰ
862 2964 945 3034 φύσει
963 2960 1095 3035 πρότερα
1119 2969 1172 3023 τοῦ
1188 2970 1273 3024 θεοῦ·
1296 2971 1362 3025 θεοί
1379 2968 1475 3026 δὲκαὶ
1492 2972 1591 3026 ταῦτα.

443 3108 485 3159 41.
502 3104 622 3157 Ρειττοε.
640 3102 676 3157 de
693 3117 756 3171 gen.
773 3107 802 3157 et
818 3116 887 3156 οοιτ.
901 3104 970 3166 19,3
988 3100 1083 3157 Vitelli
1105 3097 1182 3173 πρός
1204 3102 1258 3172 μὲν
1283 3100 1340 3175 γάρ
1368 3101 1405 3163 τά
1431 3100 1593 3176 φαινόμενα

288 3186 319 3237 30
340 3184 458 3245 ἐναντία
480 3184 554 3255 λέγει
576 3178 705 3259 άναιρῶν
729 3180 781 3256 τήν
801 3178 959 3243 άλλοίωσιν
979 3182 1086 3258 ἰναργή
1104 3175 1203 3252 οὖσαν,
1229 3185 1305 3260 πρός
1332 3185 1439 3247 ἑαυτὸν
1463 3189 1494 3247 δὲ
1519 3180 1592 3246 διότι

340 3270 414 3343 λέγει
431 3270 484 3340 μὲν
502 3263 686 3343 άμετάβλητα
708 3266 744 3327 τίι
763 3280 901 3342 στοιχεῖα,
921 3262 1060 3328 καὶ·αότά
1083 3270 1137 3341 μὲν
1153 3268 1191 3342 μή
1208 3275 1340 3344 γίνεσθαι
1361 3274 1394 3342 ἐξ
1408 3267 1539 3344 άλλήλων
1556 3270 1592 3331 τά

340 3357 370 3415 δὲ
381 3352 454 3414 άλλα
471 3352 505 3412 έκ
517 3350 636 3412 τούτων.
667 3350 753 3412 πάλιν
770 3354 800 3411 δέ
811 3374 880 3427 φησι
897 3360 947 3427 τῆς
960 3358 1060 3422 Φιλίας
1071 3354 1233 3430 κρατούσης
1250 3355 1285 3417 τὰ
1302 3353 1398 3417 πάντα
1416 3355 1448 3415 ἑν
1458 3361 1591 3430 γίνεσθαι

339 3444 388 3499 καί
405 3437 460 3499 τόν
471 3444 607 3512 Σφαῖρον
624 3437 778 3497 άποτελεῖν
788 3437 897 3499 ἄποιον
908 3434 1087 3512 ὑπάρχοντα,
1105 3435 1145 3509 ῶς
1161 3442 1261 3515 μηκέτι
1277 3440 1349 3515 μήτε
1360 3439 1413 3514 τήν
1429 3445 1483 3500 τοῦ
1499 3435 1592 3515 πυρὸς

339 3523 410 3598 μήτε
426 3528 486 3585 τῶν
508 3521 603 3583 ἄλλων
624 3521 703 3589 τινός
720 3521 875 3593 οῶιζεσδαι
896 3522 930 3581 ἰν
951 3517 1040 3583 αάτῶι
1062 3520 1199 3599 ἰδιότητα,
1221 3521 1443 3602 άποβάλλοντος
1465 3522 1591 3584 ἑκάστου

287 3612 317 3662 35
338 3614 398 3669 τῶν
415 3612 569 3682 στοιχείων
586 3606 620 3667 τό
639 3608 749 3666 οἰκεῖον
766 3604 850 3675 εἰδος.

441 3734 483 3785 42.
500 3728 600 3786 Am.
619 3730 655 3785 de
671 3728 747 3785 caelo
765 3730 820 3783 r2.
839 3732 901 3784 ³01·
912 3733 944 3784 14
970 3726 1005 3785 έκ
1029 3723 1191 3788 διεστῶτων
1212 3731 1243 3789 δὲ
1264 3734 1314 3787 καί
1339 3729 1515 3799 κινουμένων
1537 3722 1591 3788 οὐκ

339 3812 462 3886 εὔλογον
482 3822 578 3871 ποιεῖν
599 3811 651 3885 τήν
672 3813 791 3887 γένεσιν.
827 3813 871 3871 διὸ
890 3818 939 3871 καί
956 3806 992 3873 Ἑ.
1014 3820 1186 3886 παραλείπει
1207 3812 1260 3887 τήν
1280 3811 1327 3872 ἰπί
1344 3818 1395 3885 τῆς
1418 3810 1589 3886 Φιλότητος·

339 3893 373 3958 οὗ
391 3898 448 3972 γάρ
466 3894 503 3957 άν
513 3892 636 3971 ἠδύνατο
649 3903 785 3971 συστῆσαι
803 3896 857 3957 τὸν
869 3892 997 3970 οὐρανὸν
1013 3897 1047 3956 έκ
1057 3898 1277 3972 κεχωρισμένων
1293 3899 1347 3969 μὲν
1356 3896 1590 3969 κατασκευάζων,

339 3981 485 4058 σύγκρισιν
507 3985 536 4041 δὲ
559 3988 653 4041 ποιῶν
675 3981 719 4043 διά
743 3982 797 4055 τήν
819 3979 976 4057 Φιλότητα·
1002 3982 1037 4043 έκ
1057 3983 1281 4055 διακεκριμένων
1302 3981 1360 4056 γάρ
1382 3984 1553 4056 συνέστηκεν
1571 3978 1588 4042 ό

166 4138 173 4149 ¹
285 4072 316 4122 40
335 4066 448 4139 κόσμος
464 4073 524 4125 τῶν
542 4071 702 4141 στοιχείων.
738 4059 811 4127 ὅστ’
829 4061 990 4143 άναγκαίον
1010 4072 1144 4142 γίνεσθαι
1160 4067 1193 4138 ἐξ
1208 4066 1274 4137 ἑνός
1289 4074 1339 4127 καί
1356 4069 1589 4143 συγκεκριμένον.

438 4210 480 4260 45.
498 4202 573 4260 A'm.
585 4204 600 4261 1
613 4209 679 4272 13,1
701 4204 818 4271 [11311]
840 4198 1030 4278 Ἐμπεδοκλῆς
1046 4200 1101 4279 ἔφη
1118 4206 1177 4277 πρὸ
1195 4211 1256 4265 τῶν
1272 4204 1420 4277 τεττάρων
1438 4210 1590 4280 στοιχείων

336 4286 510 4361 θραύσματα
531 4286 666 4363 ἐλάχιστα
690 4290 780 4349 οἱονεὶ
806 4300 936 4363 στοιχεῖα
957 4288 1018 4365 πρό
1040 4296 1100 4349 τῶν
1123 4291 1277 4363 στοιχείων
1304 4289 1477 4365 ὁμοιομερῆ.
1513 4296 1588 4359 tw

336 4374 381 4439 [D.
394 4374 453 4445 515]
470 4372 507 4431 Ἐ.
520 4379 569 4432 καί
586 4372 769 4449 Ξενοκράτης
785 4374 820 4432 έκ
830 4375 1011 4448 μικροτέρων
1029 4375 1127 4450 όγκων
1142 4374 1179 4436 τά
1198 4386 1328 4450 στοιχεῖα
1341 4380 1495 4450 συγκρίνει,
1511 4368 1588 4446 άπερ

336 4458 414 4515 ἐστίν
429 4456 565 4531 ἐλάχιστα
581 4463 631 4518 καί
649 4458 738 4518 οίονεί
756 4470 885 4531 στοιχεῖα
904 4463 1065 4534 στοιχείων.
1101 4461 1213 4519 Gan«.
1231 4464 1259 4518 in
1272 4463 1355 4533 Hipp.
1373 4462 1409 4519 de
1420 4469 1477 4519 nat.
1494 4460 1522 4517 h.
1533 4461 1588 4517 XV

1101 4802 1187 5004 Χ
